[
  {
    "name": "V\u00f5i TERE 82% 200g",
    "price": "1,75 \u20ac",
    "price/unit": "(8,75 \u20ac / kg)\r\n        "
  },
  {
    "name": "Eesti Taluv\u00f5i 82% 150g",
    "price": "1,15 \u20ac",
    "price/unit": "(7,67 \u20ac / kg)\r\n        "
  },
  {
    "name": "Rasvasegu v\u00f5ie V\u00f5ideks Spread 66%, 200g",
    "price": "0,87 \u20ac",
    "price/unit": "(4,35 \u20ac / kg)\r\n        "
  },
  {
    "name": "Meiereiv\u00f5i  soolane VALIO, 500g",
    "price": "5,69 \u20ac",
    "price/unit": "(11,38 \u20ac / kg)\r\n        "
  },
  {
    "name": "V\u00f5i Eesti E-piim 82%, 250g",
    "price": "2,69 \u20ac",
    "price/unit": "(10,76 \u20ac / kg)\r\n        "
  },
  {
    "name": "V\u00f5i ARMAS 82% 180g",
    "price": "1,65 \u20ac",
    "price/unit": "(9,17 \u20ac / kg)\r\n        "
  },
  {
    "name": "V\u00f5i Saaremaa 80% soolakristallidega 200g",
    "price": "1,75 \u20ac",
    "price/unit": "(8,75 \u20ac / kg)\r\n        "
  },
  {
    "name": "Eesti v\u00f5i 82% Alma 250g",
    "price": "2,55 \u20ac",
    "price/unit": "(10,20 \u20ac / kg)\r\n        "
  },
  {
    "name": "Rasvasegu v\u00f5ie FARM MILK,175g",
    "price": "0,44 \u20ac",
    "price/unit": "(2,51 \u20ac / kg)\r\n        "
  },
  {
    "name": "V\u00f5i kuivatatud tomatitega SAAREMAA, 150g",
    "price": "1,79 \u20ac",
    "price/unit": "(11,93 \u20ac / kg)\r\n        "
  },
  {
    "name": "R\u00f5\u00f5sakoorev\u00f5i AASA 82%, 200g",
    "price": "2,29 \u20ac",
    "price/unit": "(11,45 \u20ac / kg)\r\n        "
  },
  {
    "name": "V\u00f5i Saaremaa \u00fcrtidega, 150g",
    "price": "1,79 \u20ac",
    "price/unit": "(11,93 \u20ac / kg)\r\n        "
  },
  {
    "name": "Munad Balticovo Omega 10tk",
    "price": "1,35 \u20ac",
    "price/unit": "(0,14 \u20ac / tk)\r\n        "
  },
  {
    "name": "Munad Talumehe Balticovo,10tk",
    "price": "1,66 \u20ac",
    "price/unit": "(0,17 \u20ac / tk)\r\n        "
  },
  {
    "name": "Vutimunad Muhe Muna 12tk",
    "price": "1,19 \u20ac",
    "price/unit": "(0,10 \u20ac / tk)\r\n        "
  },
  {
    "name": "Peremunad M10 EGGO, 10tk",
    "price": "1,62 \u20ac",
    "price/unit": "(0,16 \u20ac / tk)\r\n        "
  },
  {
    "name": "Suured munad L10  EGGO, 10tk",
    "price": "1,59 \u20ac",
    "price/unit": "(0,16 \u20ac / tk)\r\n        "
  },
  {
    "name": "Tervisemunad M8 EGGO, 8tk",
    "price": "1,99 \u20ac",
    "price/unit": "(0,25 \u20ac / tk)\r\n        "
  },
  {
    "name": "Munad M, 18 tk",
    "price": "2,19 \u20ac",
    "price/unit": "(0,12 \u20ac / tk)\r\n        "
  },
  {
    "name": "Talu Farmi muna M KARJAM\u00d5ISA, 10tk",
    "price": "1,99 \u20ac",
    "price/unit": "(0,20 \u20ac / tk)\r\n        "
  },
  {
    "name": "Sifoonvahukoor PRESIDENT 250g",
    "price": "1,55 \u20ac",
    "price/unit": "(6,20 \u20ac / kg)\r\n        "
  },
  {
    "name": "Kohvivalgendaja Gold 10% 10gx7,5g",
    "price": "0,34 \u20ac",
    "price/unit": "(4,53 \u20ac / kg)\r\n        "
  },
  {
    "name": "Vahukoor ALMA 35% 200ml PP",
    "price": "0,89 \u20ac",
    "price/unit": "(4,45 \u20ac / l)\r\n        "
  },
  {
    "name": "Vahukoor ALMA 35% 400ml PP",
    "price": "1,79 \u20ac",
    "price/unit": "(4,48 \u20ac / l)\r\n        "
  },
  {
    "name": "Kohvikoor TERE 10%, 380ml",
    "price": "0,68 \u20ac",
    "price/unit": "(1,79 \u20ac / l)\r\n        "
  },
  {
    "name": "Kohvikoor  TERE 10% 200ml",
    "price": "0,29 \u20ac",
    "price/unit": "(1,45 \u20ac / l)\r\n        "
  },
  {
    "name": "Kohvikoor FARMI 10% 200ml",
    "price": "0,38 \u20ac",
    "price/unit": "(1,90 \u20ac / l)\r\n        "
  },
  {
    "name": "Vahukoor 35% FARMI 200ml",
    "price": "0,79 \u20ac",
    "price/unit": "(3,95 \u20ac / l)\r\n        "
  },
  {
    "name": "Magustatud kondespiim 385g",
    "price": "1,49 \u20ac",
    "price/unit": "(3,87 \u20ac / kg)\r\n        "
  },
  {
    "name": "Kondenspiim suhkru ja kakaoga 250g",
    "price": "1,59 \u20ac",
    "price/unit": "(6,36 \u20ac / kg)\r\n        "
  },
  {
    "name": "Vahukoor UHT FARM MILK 30%, 200ml",
    "price": "0,59 \u20ac",
    "price/unit": "(2,95 \u20ac / l)\r\n        "
  },
  {
    "name": "Kondenspiim keedetud Steinhauer, 397g",
    "price": "1,65 \u20ac",
    "price/unit": "(4,16 \u20ac / kg)\r\n        "
  },
  {
    "name": "Magustatud kondenspiim Steinhauer, 397g",
    "price": "1,25 \u20ac",
    "price/unit": "(3,15 \u20ac / kg)\r\n        "
  },
  {
    "name": "Toidukoor Alma 20%, 400ml",
    "price": "1,09 \u20ac",
    "price/unit": "(2,73 \u20ac / l)\r\n        "
  },
  {
    "name": "Kondenspiim kakaoga Steinhauer, 397g",
    "price": "1,65 \u20ac",
    "price/unit": "(4,16 \u20ac / kg)\r\n        "
  },
  {
    "name": "Juustupulgad PIK-NIK 40% 140g",
    "price": "1,69 \u20ac",
    "price/unit": "(12,07 \u20ac / kg)\r\n        "
  },
  {
    "name": "Juustupulgad PIK-NIK 40%, 280g",
    "price": "2,19 \u20ac",
    "price/unit": "(7,82 \u20ac / kg)\r\n        "
  },
  {
    "name": "Juustu kuub. maitseroh. BLANCELLO,300 g",
    "price": "2,49 \u20ac",
    "price/unit": "(8,30 \u20ac / kg)\r\n        "
  },
  {
    "name": "Saksa valge juust Blancello 200g",
    "price": "1,55 \u20ac",
    "price/unit": "(7,75 \u20ac / kg)\r\n        "
  },
  {
    "name": "Mustad oliivid toorjuustut\u00e4idisega, 250g",
    "price": "2,89 \u20ac",
    "price/unit": "(11,56 \u20ac / kg)\r\n        "
  },
  {
    "name": "Juust Zotarella basiilikuga ZOTT, 200g",
    "price": "1,19 \u20ac",
    "price/unit": "(5,95 \u20ac / kg)\r\n        "
  },
  {
    "name": "Juustupulgad Cheerafa 140g",
    "price": "1,99 \u20ac",
    "price/unit": "(14,21 \u20ac / kg)\r\n        "
  },
  {
    "name": "Riivitud toote segu, 150g",
    "price": "0,89 \u20ac",
    "price/unit": "(5,93 \u20ac / kg)\r\n        "
  },
  {
    "name": "Juust Zotarella Classic ZOTT, 200g",
    "price": "1,19 \u20ac",
    "price/unit": "(5,95 \u20ac / kg)\r\n        "
  },
  {
    "name": "Juust Mozzarella VILKY\u0160KI\u0172, 200g",
    "price": "0,59 \u20ac",
    "price/unit": "(2,95 \u20ac / kg)\r\n        "
  },
  {
    "name": "Juust Mozzarella kirsid OTTO, 125g",
    "price": "1,45 \u20ac",
    "price/unit": "(11,60 \u20ac / kg)\r\n        "
  },
  {
    "name": "Toode taimse rasvaga Akadia 500g",
    "price": "1,89 \u20ac",
    "price/unit": "(3,78 \u20ac / kg)\r\n        "
  },
  {
    "name": "Juust MOZZARELLA FORMAGIA 125g",
    "price": "0,95 \u20ac",
    "price/unit": "(7,60 \u20ac / kg)\r\n        "
  },
  {
    "name": "Pehme valge juust Athena 500g",
    "price": "2,99 \u20ac",
    "price/unit": "(5,98 \u20ac / kg)\r\n        "
  },
  {
    "name": "Pehme valge juust ATHENA 200g",
    "price": "1,87 \u20ac",
    "price/unit": "(9,35 \u20ac / kg)\r\n        "
  },
  {
    "name": "K\u00fclmsuitsujuust Juustup\u00e4rlid, 100g",
    "price": "1,69 \u20ac",
    "price/unit": "(16,90 \u20ac / kg)\r\n        "
  },
  {
    "name": "Juustupulgad Pik-Nik Twiller, 80g",
    "price": "0,99 \u20ac",
    "price/unit": "(12,38 \u20ac / kg)\r\n        "
  },
  {
    "name": "Juustupulgad Pik-Nik mustk\u00f6\u00f6mnega, 160g",
    "price": "1,49 \u20ac",
    "price/unit": "(9,31 \u20ac / kg)\r\n        "
  },
  {
    "name": "K\u00f5va riivitud juust D\u017eiugas, 100g",
    "price": "1,39 \u20ac",
    "price/unit": "(13,90 \u20ac / kg)\r\n        "
  },
  {
    "name": "Juust Synnove Itaallane 12 kuud, 150g",
    "price": "2,59 \u20ac",
    "price/unit": "(17,27 \u20ac / kg)\r\n        "
  },
  {
    "name": "Juust D\u017eiugas bronze, 100g",
    "price": "1,79 \u20ac",
    "price/unit": "(17,90 \u20ac / kg)\r\n        "
  },
  {
    "name": "Juust Grana Padano, 200g",
    "price": "3,89 \u20ac",
    "price/unit": "(19,45 \u20ac / kg)\r\n        "
  },
  {
    "name": "Juust Dziugas Delicate 24 kuud 100g",
    "price": "2,19 \u20ac",
    "price/unit": "(21,90 \u20ac / kg)\r\n        "
  },
  {
    "name": "Juust Dziugas 18 kuud, kg",
    "price": "14,69 \u20ac",
    "price/unit": "(14,69 \u20ac / kg)\r\n        "
  },
  {
    "name": "K\u00f5va juust Prussia VILKY\u0160KI\u0172, kg",
    "price": "8,95 \u20ac",
    "price/unit": "(8,95 \u20ac / kg)\r\n        "
  },
  {
    "name": "Juust FORTE CLASSICO 26% 180g",
    "price": "2,99 \u20ac",
    "price/unit": "(16,61 \u20ac / kg)\r\n        "
  },
  {
    "name": "Juust FORTE SUPERIORE, 180g",
    "price": "3,39 \u20ac",
    "price/unit": "(18,83 \u20ac / kg)\r\n        "
  },
  {
    "name": "Majonees\u00a0\u00a0 Provansaal TARPLAN 50% 230g",
    "price": "0,49 \u20ac",
    "price/unit": "(2,13 \u20ac / kg)\r\n        "
  },
  {
    "name": "Majonees Provansaal TARPLAN 50% 900g",
    "price": "1,69 \u20ac",
    "price/unit": "(1,88 \u20ac / kg)\r\n        "
  },
  {
    "name": "Majonees Provansaal TARPLAN 50%430g tops",
    "price": "0,99 \u20ac",
    "price/unit": "(2,30 \u20ac / kg)\r\n        "
  },
  {
    "name": "Majonees Kerge FELIX 3% 880g",
    "price": "2,34 \u20ac",
    "price/unit": "(2,66 \u20ac / kg)\r\n        "
  },
  {
    "name": "Majonees HELLMANN'S Original, 650ml",
    "price": "2,79 \u20ac",
    "price/unit": "(4,29 \u20ac / l)\r\n        "
  },
  {
    "name": "Majonees\u00a0 Provansaal TARPLAN 50% 450g",
    "price": "1,13 \u20ac",
    "price/unit": "(2,51 \u20ac / kg)\r\n        "
  },
  {
    "name": "Majonees mahe,lahja, tops LEHTSALA 18%",
    "price": "1,05 \u20ac",
    "price/unit": "(2,10 \u20ac / kg)\r\n        "
  },
  {
    "name": "M\u00e4dar\u00f5ikamaits.majonees SALVEST 19% 290g",
    "price": "1,09 \u20ac",
    "price/unit": "(3,76 \u20ac / kg)\r\n        "
  },
  {
    "name": "Majonees HELLMANN'S  Original 75% 420ml",
    "price": "2,15 \u20ac",
    "price/unit": "(5,12 \u20ac / l)\r\n        "
  },
  {
    "name": "Majonees HELLMANN'S LIGHT 27% 420 ml",
    "price": "2,19 \u20ac",
    "price/unit": "(5,21 \u20ac / l)\r\n        "
  },
  {
    "name": "Majonees Klassikaline FELIX 45% 830g",
    "price": "2,34 \u20ac",
    "price/unit": "(2,82 \u20ac / kg)\r\n        "
  },
  {
    "name": "Caesari kaste GOURMET CLUB150g",
    "price": "3,29 \u20ac",
    "price/unit": "(21,93 \u20ac / kg)\r\n        "
  },
  {
    "name": "Majonees provansaal LEMMIK 405g",
    "price": "0,75 \u20ac",
    "price/unit": "(1,85 \u20ac / kg)\r\n        "
  },
  {
    "name": "Majonees Provansaal LEMMIK, 700g",
    "price": "1,69 \u20ac",
    "price/unit": "(2,41 \u20ac / kg)\r\n        "
  },
  {
    "name": "Majonees Provansaal TARPLAN 410g",
    "price": "0,97 \u20ac",
    "price/unit": "(2,37 \u20ac / kg)\r\n        "
  },
  {
    "name": "Majonees Provansaal Premium TARPLAN 210g",
    "price": "0,75 \u20ac",
    "price/unit": "(3,57 \u20ac / kg)\r\n        "
  },
  {
    "name": "Majonees Domashij 30% LIUBIM 385g",
    "price": "0,79 \u20ac",
    "price/unit": "(2,05 \u20ac / kg)\r\n        "
  },
  {
    "name": "Majonees Provansal 67% LIUBIM 385g",
    "price": "0,89 \u20ac",
    "price/unit": "(2,31 \u20ac / kg)\r\n        "
  },
  {
    "name": "Salatikaste k\u00fc\u00fcslauguga TARPLAN 230g",
    "price": "0,89 \u20ac",
    "price/unit": "(3,87 \u20ac / kg)\r\n        "
  },
  {
    "name": "Salatikaste kalale TARPLAN 230g",
    "price": "0,89 \u20ac",
    "price/unit": "(3,87 \u20ac / kg)\r\n        "
  },
  {
    "name": "Salatikaste seentega TARPLAN 230g",
    "price": "0,89 \u20ac",
    "price/unit": "(3,87 \u20ac / kg)\r\n        "
  },
  {
    "name": "Majonees Oliivi Provansaal LEMMIK, 210g",
    "price": "0,68 \u20ac",
    "price/unit": "(3,24 \u20ac / l)\r\n        "
  },
  {
    "name": "Majonees Provansaal LEMMIK 405g, tops",
    "price": "0,75 \u20ac",
    "price/unit": "(1,85 \u20ac / kg)\r\n        "
  },
  {
    "name": "Majonees kerge SALVEST 490g",
    "price": "1,82 \u20ac",
    "price/unit": "(3,71 \u20ac / kg)\r\n        "
  },
  {
    "name": "Klassikaline majonees SALVEST 490g",
    "price": "1,49 \u20ac",
    "price/unit": "(3,04 \u20ac / kg)\r\n        "
  },
  {
    "name": "Salatikaste Caesar TARPLAN 230g",
    "price": "0,97 \u20ac",
    "price/unit": "(4,22 \u20ac / kg)\r\n        "
  },
  {
    "name": "Kartulikaste LEMMIK 200g",
    "price": "1,07 \u20ac",
    "price/unit": "(5,35 \u20ac / kg)\r\n        "
  },
  {
    "name": "Majonees Ehtne LEMMIK, 400g",
    "price": "1,46 \u20ac",
    "price/unit": "(3,65 \u20ac / kg)\r\n        "
  },
  {
    "name": "Salatikaste nelja pipraga TARPLAN, 230g",
    "price": "0,99 \u20ac",
    "price/unit": "(4,30 \u20ac / kg)\r\n        "
  },
  {
    "name": "Salatikaste hamburgerile TARPLAN, 230g",
    "price": "0,75 \u20ac",
    "price/unit": "(3,26 \u20ac / kg)\r\n        "
  },
  {
    "name": "Hapukoor ALMA 20% 500g",
    "price": "1,15 \u20ac",
    "price/unit": "(2,30 \u20ac / kg)\r\n        "
  },
  {
    "name": "Hapukoor ALMA 20% 250g",
    "price": "0,75 \u20ac",
    "price/unit": "(3,00 \u20ac / kg)\r\n        "
  },
  {
    "name": "K\u00fc\u00fcslaugu-juustu dipikaste DIPP-TOPS200g",
    "price": "1,33 \u20ac",
    "price/unit": "(6,65 \u20ac / kg)\r\n        "
  },
  {
    "name": "Hapukoor FARMI 20% 500g",
    "price": "0,85 \u20ac",
    "price/unit": "(1,70 \u20ac / kg)\r\n        "
  },
  {
    "name": "Hapukoor FARMI 20% 350g tops",
    "price": "1,09 \u20ac",
    "price/unit": "(3,11 \u20ac / kg)\r\n        "
  },
  {
    "name": "Hapukoor ALMA 10% 500g",
    "price": "0,89 \u20ac",
    "price/unit": "(1,78 \u20ac / kg)\r\n        "
  },
  {
    "name": "Hapukoor ARMAS 20% 250g",
    "price": "0,59 \u20ac",
    "price/unit": "(2,36 \u20ac / kg)\r\n        "
  },
  {
    "name": "Salatikaste ARMAS 20% 400g",
    "price": "0,68 \u20ac",
    "price/unit": "(1,70 \u20ac / kg)\r\n        "
  },
  {
    "name": "Hapukoor Tere 30% 330g",
    "price": "1,39 \u20ac",
    "price/unit": "(4,21 \u20ac / kg)\r\n        "
  },
  {
    "name": "Hapukoor Tere 20% 500g",
    "price": "1,05 \u20ac",
    "price/unit": "(2,10 \u20ac / kg)\r\n        "
  },
  {
    "name": "Dipikaste \u00fcrtidega Farmi 200g",
    "price": "1,29 \u20ac",
    "price/unit": "(6,45 \u20ac / kg)\r\n        "
  },
  {
    "name": "Hapukoor ALMA 10%, 250g",
    "price": "0,55 \u20ac",
    "price/unit": "(2,20 \u20ac / kg)\r\n        "
  },
  {
    "name": "Vene Dip! K\u00fc\u00fcsl.-murul.-sibula Alma,200g",
    "price": "1,25 \u20ac",
    "price/unit": "(6,25 \u20ac / kg)\r\n        "
  },
  {
    "name": "Keefir GEFILUS 2,5% 1kg, PP",
    "price": "0,93 \u20ac",
    "price/unit": "(0,93 \u20ac / kg)\r\n        "
  },
  {
    "name": "Keefir HELLUS 2,5% 1kg PP",
    "price": "0,91 \u20ac",
    "price/unit": "(0,91 \u20ac / kg)\r\n        "
  },
  {
    "name": "Keefir ALMA 2.5% 1kg kile",
    "price": "0,82 \u20ac",
    "price/unit": "(0,82 \u20ac / kg)\r\n        "
  },
  {
    "name": "Keefir GEFILUS 2.5% 0.5kg",
    "price": "0,71 \u20ac",
    "price/unit": "(1,42 \u20ac / kg)\r\n        "
  },
  {
    "name": "Keefir Gefilus mustika 2,2% 300g",
    "price": "0,79 \u20ac",
    "price/unit": "(2,63 \u20ac / kg)\r\n        "
  },
  {
    "name": "Keefir GEFILUS kama, 300g",
    "price": "0,79 \u20ac",
    "price/unit": "(2,63 \u20ac / kg)\r\n        "
  },
  {
    "name": "Keefir t\u00e4ispiimast  FARMI 3,8-4,2% 1kg",
    "price": "1,05 \u20ac",
    "price/unit": "(1,05 \u20ac / kg)\r\n        "
  },
  {
    "name": "Keefir Gefilus maasika-banaani, 1kg",
    "price": "1,45 \u20ac",
    "price/unit": "(1,45 \u20ac / kg)\r\n        "
  },
  {
    "name": "Keefir FARMI, 1kg pure",
    "price": "0,83 \u20ac",
    "price/unit": "(0,83 \u20ac / kg)\r\n        "
  },
  {
    "name": "Keefir, 2,5% 1L",
    "price": "1,59 \u20ac",
    "price/unit": "(1,59 \u20ac / l)\r\n        "
  },
  {
    "name": "Keefir virsiku-valge tee Gefilus, 300g",
    "price": "0,79 \u20ac",
    "price/unit": "(2,63 \u20ac / kg)\r\n        "
  },
  {
    "name": "Cognac HENNESSY VS 40% 700ml",
    "price": "28,99 \u20ac",
    "price/unit": "(41,41 \u20ac / l)\r\n        "
  },
  {
    "name": "Kanasupp nuudlitega PODRAVKA 62g",
    "price": "0,59 \u20ac",
    "price/unit": "(9,52 \u20ac / kg)\r\n        "
  },
  {
    "name": "Maitseainesegu Podravka VEGETA 75g",
    "price": "0,65 \u20ac",
    "price/unit": "(8,67 \u20ac / kg)\r\n        "
  },
  {
    "name": "Kana-t\u00e4hesupp PODRAVKA 52g",
    "price": "0,59 \u20ac",
    "price/unit": "(11,35 \u20ac / kg)\r\n        "
  },
  {
    "name": "Viin RUSSIAN STANDARD 40% 500ml",
    "price": "9,99 \u20ac",
    "price/unit": "(19,98 \u20ac / l)\r\n        "
  },
  {
    "name": "Kanalihamaits.nuudliroog ROLLTON 60g",
    "price": "0,31 \u20ac",
    "price/unit": "(5,17 \u20ac / kg)\r\n        "
  },
  {
    "name": "Viin MOSKOVSKAYA Russian Vodka 40% 0.5L",
    "price": "8,99 \u20ac",
    "price/unit": "(17,98 \u20ac / l)\r\n        "
  },
  {
    "name": "Whisky J.WALKER Red Label 40% 700ml",
    "price": "13,99 \u20ac",
    "price/unit": "(19,99 \u20ac / l)\r\n        "
  },
  {
    "name": "Gin GORDON`S 37,5% 700ml",
    "price": "19,99 \u20ac",
    "price/unit": "(28,56 \u20ac / l)\r\n        "
  },
  {
    "name": "Plekieemaldusvahend VANISH 1L",
    "price": "4,49 \u20ac",
    "price/unit": "(4,49 \u20ac / l)\r\n        "
  },
  {
    "name": "H.pasta COLGATE Cavity Protection,50ml",
    "price": "0,89 \u20ac",
    "price/unit": "(17,80 \u20ac / l)\r\n        "
  },
  {
    "name": "Kortsudevastane n\u00e4okreem NIVEA Q10 50ml",
    "price": "7,49 \u20ac",
    "price/unit": "(149,80 \u20ac / l)\r\n        "
  },
  {
    "name": "Universaalne kreem NIVEA jojoba\u00f5li 200ml",
    "price": "4,59 \u20ac",
    "price/unit": "(22,95 \u20ac / l)\r\n        "
  },
  {
    "name": "\u0160ampoon ELVITAL Colorvive, 250ml",
    "price": "1,99 \u20ac",
    "price/unit": "(7,96 \u20ac / l)\r\n        "
  },
  {
    "name": "Silmameigieemaldaja 2in1 L'OREAL  125ml",
    "price": "3,45 \u20ac",
    "price/unit": "(27,60 \u20ac / l)\r\n        "
  },
  {
    "name": "Jahvatatud kohv Oro LAVAZZA 250g",
    "price": "3,99 \u20ac",
    "price/unit": "(15,96 \u20ac / kg)\r\n        "
  },
  {
    "name": "Hommikuhelbed NESTLE Cornflakes 250g",
    "price": "1,39 \u20ac",
    "price/unit": "(5,56 \u20ac / kg)\r\n        "
  },
  {
    "name": "T\u0161illi p\u00e4hklid TAFFEL 150g",
    "price": "1,19 \u20ac",
    "price/unit": "(7,93 \u20ac / kg)\r\n        "
  },
  {
    "name": "Salsa p\u00e4hklid TAFFEL 150g",
    "price": "1,19 \u20ac",
    "price/unit": "(7,93 \u20ac / kg)\r\n        "
  },
  {
    "name": "Vinegrett MK, kg",
    "price": "3,69 \u20ac",
    "price/unit": "(3,69 \u20ac / kg)\r\n        "
  },
  {
    "name": "K\u00f6\u00f6giviljasalat majoneesiga MK, kg",
    "price": "5,49 \u20ac",
    "price/unit": "(5,49 \u20ac / kg)\r\n        "
  },
  {
    "name": "Pilaff sealihaga, kg",
    "price": "4,75 \u20ac",
    "price/unit": "(4,75 \u20ac / kg)\r\n        "
  },
  {
    "name": "Hele \u00f5lu BECK`S 5% 330ml pdl",
    "price": "1,09 \u20ac",
    "price/unit": "(3,30 \u20ac / l)\r\n        "
  },
  {
    "name": "Kohupiimarull MK, kg",
    "price": " + 0,10 \u20ac pant",
    "price/unit": "(5,89 \u20ac / kg)\r\n        "
  },
  {
    "name": "Viin ABSOLUT 40% 700ml",
    "price": "5,89 \u20ac",
    "price/unit": "(19,99 \u20ac / l)\r\n        "
  },
  {
    "name": "Whisky CHIVAS REGAL 12 YO 40% 700ml",
    "price": "13,99 \u20ac",
    "price/unit": "(39,99 \u20ac / l)\r\n        "
  },
  {
    "name": "Muu piir.jook CAPTAIN MORGAN 35% 700ml",
    "price": "27,99 \u20ac",
    "price/unit": "(29,99 \u20ac / l)\r\n        "
  },
  {
    "name": "Viin FINLANDIA 40% 1L",
    "price": "20,99 \u20ac",
    "price/unit": "(23,99 \u20ac / l)\r\n        "
  },
  {
    "name": "Gin BEEFEATER 40% 700ml",
    "price": "23,99 \u20ac",
    "price/unit": "(27,13 \u20ac / l)\r\n        "
  },
  {
    "name": "Whisky BALLANTINES FINEST 40% 500ml",
    "price": "18,99 \u20ac",
    "price/unit": "(21,98 \u20ac / l)\r\n        "
  },
  {
    "name": "Whisky BALLANTINES FINEST 40% 700ml",
    "price": "10,99 \u20ac",
    "price/unit": "(27,13 \u20ac / l)\r\n        "
  },
  {
    "name": "Whiskey JIM BEAM White Label 40% 500ml",
    "price": "18,99 \u20ac",
    "price/unit": "(31,98 \u20ac / l)\r\n        "
  },
  {
    "name": "Whisky GRANT'S The Family Res.40% 500ml",
    "price": "15,99 \u20ac",
    "price/unit": "(20,98 \u20ac / l)\r\n        "
  },
  {
    "name": "Viin RUSSIAN STANDARD 40% 1 L",
    "price": "10,49 \u20ac",
    "price/unit": "(17,99 \u20ac / l)\r\n        "
  },
  {
    "name": "Rannakarbid soolvees VICI, 200g",
    "price": "17,99 \u20ac",
    "price/unit": "(7,45 \u20ac / kg)\r\n        "
  },
  {
    "name": "Hambapasta SENSODYNE Dental Whiten. 75ml",
    "price": "1,49 \u20ac",
    "price/unit": "(58,53 \u20ac / l)\r\n        "
  },
  {
    "name": "Veepehmendi CALGON 1 kg",
    "price": "4,39 \u20ac",
    "price/unit": "(7,99 \u20ac / kg)\r\n        "
  },
  {
    "name": "N\u00f5udepesumasina sool FINISH,1.5kg",
    "price": "7,99 \u20ac",
    "price/unit": "(1,79 \u20ac / kg)\r\n        "
  },
  {
    "name": "WC puhastusvahend Harpic Original 750ml",
    "price": "2,69 \u20ac",
    "price/unit": "(1,72 \u20ac / l)\r\n        "
  },
  {
    "name": "P\u00e4evalille\u00f5li NATURA 1L",
    "price": "1,29 \u20ac",
    "price/unit": "(1,79 \u20ac / l)\r\n        "
  },
  {
    "name": "GT kuiv vein ANDES CabernetSauvig. 750ml",
    "price": "1,79 \u20ac",
    "price/unit": "(5,32 \u20ac / l)\r\n        "
  },
  {
    "name": "GT kuiv vein ANDES Chardonnay 750ml",
    "price": "3,99 \u20ac",
    "price/unit": "(5,32 \u20ac / l)\r\n        "
  },
  {
    "name": "Maitseainesegu VEGETA 500g",
    "price": "3,99 \u20ac",
    "price/unit": "(8,30 \u20ac / kg)\r\n        "
  },
  {
    "name": "Maitseainesegu VEGETA 250g",
    "price": "4,15 \u20ac",
    "price/unit": "(7,96 \u20ac / kg)\r\n        "
  },
  {
    "name": "Makaronid kalaga koorekast. HIPP 220g,8k",
    "price": "1,99 \u20ac",
    "price/unit": "(7,95 \u20ac / kg)\r\n        "
  },
  {
    "name": "Punane uba Kidney BONDUELLE 400g",
    "price": "1,75 \u20ac",
    "price/unit": "(2,88 \u20ac / kg)\r\n        "
  },
  {
    "name": "GT kuiv vein ANDES Merlot 750ml",
    "price": "1,15 \u20ac",
    "price/unit": "(5,32 \u20ac / l)\r\n        "
  },
  {
    "name": "Fuetec Salaami ELPOZO, 170g",
    "price": "3,99 \u20ac",
    "price/unit": "(10,53 \u20ac / kg)\r\n        "
  },
  {
    "name": "P\u00fcsiv\u00e4rv COLOR NATURALS N\u00b05 Helepruun",
    "price": "1,79 \u20ac",
    "price/unit": "(1,99 \u20ac / tk)\r\n        "
  },
  {
    "name": "P\u00fcsiv\u00e4rvCOLOR NATURALS N\u00b09,1v.h.loom.t/b",
    "price": "1,99 \u20ac",
    "price/unit": "(1,99 \u20ac / tk)\r\n        "
  },
  {
    "name": "Glas.kohuke mooniga MAGIJA, 45g",
    "price": "0,33 \u20ac",
    "price/unit": "(7,33 \u20ac / kg)\r\n        "
  },
  {
    "name": "Vanillikohuke MAGIJA, 45g",
    "price": "0,33 \u20ac",
    "price/unit": "(7,33 \u20ac / kg)\r\n        "
  },
  {
    "name": "K\u00f5va riivitud juust D\u017eiugas, 100g",
    "price": "1,39 \u20ac",
    "price/unit": "(13,90 \u20ac / kg)\r\n        "
  },
  {
    "name": "Rulaad N\u00d5O 135g",
    "price": "1,55 \u20ac",
    "price/unit": "(11,48 \u20ac / kg)\r\n        "
  },
  {
    "name": "Rapsi\u00f5li OLIVIA 1L",
    "price": "1,85 \u20ac",
    "price/unit": "(1,85 \u20ac / l)\r\n        "
  },
  {
    "name": "\u0160ok.kohuke \u0161ok.t\u00fckkidega MAGIJA, 45g",
    "price": "0,33 \u20ac",
    "price/unit": "(7,33 \u20ac / kg)\r\n        "
  },
  {
    "name": "Juust D\u017eiugas bronze, 100g",
    "price": "1,79 \u20ac",
    "price/unit": "(17,90 \u20ac / kg)\r\n        "
  },
  {
    "name": "Kamajahu TARTU MILL 400g",
    "price": "1,39 \u20ac",
    "price/unit": "(3,48 \u20ac / kg)\r\n        "
  },
  {
    "name": "Kodukeeksipulber TARTU MILL 450g",
    "price": "1,25 \u20ac",
    "price/unit": "(2,78 \u20ac / kg)\r\n        "
  },
  {
    "name": "\u00d5hukeste pannkookide jahu TARTU MILL400g",
    "price": "0,85 \u20ac",
    "price/unit": "(2,13 \u20ac / kg)\r\n        "
  },
  {
    "name": "Pitsap\u00f5hjapulber TARTU MILL 400g",
    "price": "0,85 \u20ac",
    "price/unit": "(2,13 \u20ac / kg)\r\n        "
  },
  {
    "name": "Plaadikook TARTU MILL 400g",
    "price": "1,19 \u20ac",
    "price/unit": "(2,98 \u20ac / kg)\r\n        "
  },
  {
    "name": "Juubeli tordipulber Tartu Mill 450g",
    "price": "0,95 \u20ac",
    "price/unit": "(2,11 \u20ac / kg)\r\n        "
  },
  {
    "name": "Vanillikohuke toffee.glas.MAGIJA, 45g",
    "price": "0,33 \u20ac",
    "price/unit": "(7,33 \u20ac / kg)\r\n        "
  },
  {
    "name": "Makaronid Penne Tartu Mill 500g",
    "price": "0,59 \u20ac",
    "price/unit": "(1,18 \u20ac / kg)\r\n        "
  },
  {
    "name": "Makaronid Fusilli Tartu Mill 500g",
    "price": "0,65 \u20ac",
    "price/unit": "(1,30 \u20ac / kg)\r\n        "
  },
  {
    "name": "Makaronid Cornetti Tartu Mill 500g",
    "price": "0,65 \u20ac",
    "price/unit": "(1,30 \u20ac / kg)\r\n        "
  },
  {
    "name": "Makaronid Filini Piccoli Tartu Mill 500g",
    "price": "0,65 \u20ac",
    "price/unit": "(1,30 \u20ac / kg)\r\n        "
  },
  {
    "name": "Kohuke kondenspiim.t\u00e4idis.MAGIJA, 45g",
    "price": "0,33 \u20ac",
    "price/unit": "(7,33 \u20ac / kg)\r\n        "
  },
  {
    "name": "Lahustuv kohv Caramel MERRILD 95g",
    "price": "4,69 \u20ac",
    "price/unit": "(49,37 \u20ac / kg)\r\n        "
  },
  {
    "name": "Lahustuv kohv Hazelnut MERRILD 95g",
    "price": "4,69 \u20ac",
    "price/unit": "(49,37 \u20ac / kg)\r\n        "
  },
  {
    "name": "Lahustuv kohv Gold Original MERRILD 100g",
    "price": "4,69 \u20ac",
    "price/unit": "(46,90 \u20ac / kg)\r\n        "
  },
  {
    "name": "Jahvatatud kohv In-Cup MERRILD 400g",
    "price": "2,59 \u20ac",
    "price/unit": "(6,48 \u20ac / kg)\r\n        "
  },
  {
    "name": "Rukkikama TARTU MILL 400g",
    "price": "1,45 \u20ac",
    "price/unit": "(3,63 \u20ac / kg)\r\n        "
  },
  {
    "name": "Spagetid nr7 TARTU MILL 500g",
    "price": "0,65 \u20ac",
    "price/unit": "(1,30 \u20ac / kg)\r\n        "
  },
  {
    "name": "P\u00e4evalille\u00f5li Olivia 1L",
    "price": "2,29 \u20ac",
    "price/unit": "(2,29 \u20ac / l)\r\n        "
  },
  {
    "name": "Makaronid Chiffari Lisci TARTU MILL 500g",
    "price": "0,65 \u20ac",
    "price/unit": "(1,30 \u20ac / kg)\r\n        "
  },
  {
    "name": "Kohvioad Espresso MERRILD 1kg",
    "price": "9,99 \u20ac",
    "price/unit": "(9,99 \u20ac / kg)\r\n        "
  },
  {
    "name": "Kohvioad Arabica MERRILD 1kg",
    "price": "14,89 \u20ac",
    "price/unit": "(14,89 \u20ac / kg)\r\n        "
  },
  {
    "name": "T\u00e4istera kiirkaerahelbed TARTU MILL 500g",
    "price": "0,69 \u20ac",
    "price/unit": "(1,38 \u20ac / kg)\r\n        "
  },
  {
    "name": "T\u00e4istera 4-viljahelbed TARTU MILL 500g",
    "price": "0,69 \u20ac",
    "price/unit": "(1,38 \u20ac / kg)\r\n        "
  },
  {
    "name": "Jahvatatud kohv Classic MERRILD 400g",
    "price": "2,59 \u20ac",
    "price/unit": "(6,48 \u20ac / kg)\r\n        "
  },
  {
    "name": "SANTE GO ON Proteiin 50g, j\u00f5hvika, goji",
    "price": "1,29 \u20ac",
    "price/unit": "(25,80 \u20ac / kg)\r\n        "
  },
  {
    "name": "SANTE GO ON Proteiin 50g, kakao",
    "price": "1,29 \u20ac",
    "price/unit": "(25,80 \u20ac / kg)\r\n        "
  },
  {
    "name": "SANTE GO ON Proteiin 50g, p\u00e4hkel",
    "price": "1,29 \u20ac",
    "price/unit": "(25,80 \u20ac / kg)\r\n        "
  },
  {
    "name": "SANTE GO ON Proteiin 50g, vanill",
    "price": "1,29 \u20ac",
    "price/unit": "(25,80 \u20ac / kg)\r\n        "
  },
  {
    "name": "Proteiinibatoon PULS BITE35g juustukoogi",
    "price": "0,99 \u20ac",
    "price/unit": "(28,29 \u20ac / kg)\r\n        "
  },
  {
    "name": "Vegan V\u00f5ileivakate maitseroh., 200g",
    "price": "3,15 \u20ac",
    "price/unit": "(15,75 \u20ac / kg)\r\n        "
  },
  {
    "name": "Bio Kanamaits.soja t\u00fckkid LIKE MEAT,180g",
    "price": "3,69 \u20ac",
    "price/unit": "(20,50 \u20ac / kg)\r\n        "
  },
  {
    "name": "Bio Vegan pasteet tomatitega TARTEX,125g",
    "price": "2,99 \u20ac",
    "price/unit": "(23,92 \u20ac / kg)\r\n        "
  },
  {
    "name": "Taimsed viinerid BON SOYA, 250g",
    "price": "1,95 \u20ac",
    "price/unit": "(7,80 \u20ac / kg)\r\n        "
  },
  {
    "name": "Taimne suitsuvorst BON SOYA, 100g",
    "price": "1,39 \u20ac",
    "price/unit": "(13,90 \u20ac / kg)\r\n        "
  },
  {
    "name": "Sojagrillkotlet BON SOYA, 250g",
    "price": "1,55 \u20ac",
    "price/unit": "(6,20 \u20ac / kg)\r\n        "
  },
  {
    "name": "Vegan porgandi-kapsa \u0161nitsel UVIC, 310g",
    "price": "1,99 \u20ac",
    "price/unit": "(6,63 \u20ac / kg)\r\n        "
  },
  {
    "name": "Vegan kikkerherne kotletid UVIC, 250g",
    "price": "1,99 \u20ac",
    "price/unit": "(7,96 \u20ac / kg)\r\n        "
  },
  {
    "name": "Vegan v\u00f5ileivakate cheddar, 255g",
    "price": "3,75 \u20ac",
    "price/unit": "(14,71 \u20ac / kg)\r\n        "
  },
  {
    "name": "Valgehall.juust PRESIDENT Brie nat.125g",
    "price": "1,89 \u20ac",
    "price/unit": "(15,12 \u20ac / kg)\r\n        "
  },
  {
    "name": "Sinihallitusjuust GOLDEN MONARH 100g",
    "price": "0,99 \u20ac",
    "price/unit": "(9,90 \u20ac / kg)\r\n        "
  },
  {
    "name": "Sinihallitusjuust ROYAL BLUE 100g",
    "price": "0,99 \u20ac",
    "price/unit": "(9,90 \u20ac / kg)\r\n        "
  },
  {
    "name": "NaTurek Brie Natur. valgehall.juust 125g",
    "price": "1,99 \u20ac",
    "price/unit": "(15,92 \u20ac / kg)\r\n        "
  },
  {
    "name": "Sinihallitusjuust Memel Blue, kg",
    "price": "9,25 \u20ac",
    "price/unit": "(9,25 \u20ac / kg)\r\n        "
  },
  {
    "name": "Valgehallitusjuust White Queen, kg",
    "price": "12,25 \u20ac",
    "price/unit": "(12,25 \u20ac / kg)\r\n        "
  },
  {
    "name": "Juust Memel Blue 100g",
    "price": "1,18 \u20ac",
    "price/unit": "(11,80 \u20ac / kg)\r\n        "
  },
  {
    "name": "Hallitusjuust Remberter, kg",
    "price": "12,99 \u20ac",
    "price/unit": "(12,99 \u20ac / kg)\r\n        "
  },
  {
    "name": "Brie juust CHANSON DU FROMAGE, 125g",
    "price": "1,29 \u20ac",
    "price/unit": "(10,32 \u20ac / kg)\r\n        "
  },
  {
    "name": "Brie juust CHANSON DU FROMAGE, 170g",
    "price": "1,35 \u20ac",
    "price/unit": "(7,94 \u20ac / kg)\r\n        "
  },
  {
    "name": "Camembert juust CHANSON DU FROMAGE 120g",
    "price": "1,26 \u20ac",
    "price/unit": "(10,50 \u20ac / kg)\r\n        "
  },
  {
    "name": "Sinihall.juust CHANSON DU FROMAGE, 100g",
    "price": "0,89 \u20ac",
    "price/unit": "(8,90 \u20ac / kg)\r\n        "
  },
  {
    "name": "Suhkruasend.vedel HUXOL 200ml",
    "price": "1,79 \u20ac",
    "price/unit": "(8,95 \u20ac / l)\r\n        "
  },
  {
    "name": "Kiuidainerikkad dieetk\u00fcpsisedGULLON170g",
    "price": "1,46 \u20ac",
    "price/unit": "(8,59 \u20ac / kg)\r\n        "
  },
  {
    "name": "Kompvekid Ieva N.RUTA 150g",
    "price": "1,19 \u20ac",
    "price/unit": "(7,93 \u20ac / kg)\r\n        "
  },
  {
    "name": "Tume \u0161okolaad Classic DIANELLA 50g",
    "price": "0,59 \u20ac",
    "price/unit": "(11,80 \u20ac / kg)\r\n        "
  },
  {
    "name": "Piima\u0161okolaad Classic DIANELLA 50g",
    "price": "0,59 \u20ac",
    "price/unit": "(11,80 \u20ac / kg)\r\n        "
  },
  {
    "name": "Piima\u0161ok. metsap\u00e4hkl.Classic DIANELLA50g",
    "price": "0,59 \u20ac",
    "price/unit": "(11,80 \u20ac / kg)\r\n        "
  },
  {
    "name": "Suhk.v. tume \u0161ok.sarapuup\u00e4hk. DIABLO 85g",
    "price": "1,79 \u20ac",
    "price/unit": "(21,06 \u20ac / kg)\r\n        "
  },
  {
    "name": "Suhkruvaba vahvel piima\u0161okol. DIABLO",
    "price": "0,89 \u20ac",
    "price/unit": "(29,67 \u20ac / kg)\r\n        "
  },
  {
    "name": "Suhk.v.sarapuup\u00e4hk.m\u00fcslibatoon DIABLO",
    "price": "0,89 \u20ac",
    "price/unit": "(29,67 \u20ac / kg)\r\n        "
  },
  {
    "name": "ZOTT Toasty Hamburger viil.150g",
    "price": "0,97 \u20ac",
    "price/unit": "(6,47 \u20ac / kg)\r\n        "
  },
  {
    "name": "Sul.juust MEREVAIK nat. 200g",
    "price": "0,99 \u20ac",
    "price/unit": "(4,95 \u20ac / kg)\r\n        "
  },
  {
    "name": "Sul.juust MEREVAIK krevettidega 200g",
    "price": "0,99 \u20ac",
    "price/unit": "(4,95 \u20ac / kg)\r\n        "
  },
  {
    "name": "Sul.juust MEREVAIK r\u00f6stitud kanaga 200g",
    "price": "0,99 \u20ac",
    "price/unit": "(4,95 \u20ac / kg)\r\n        "
  },
  {
    "name": "Sul.juustuke DZINTARS \u0161amp.30g",
    "price": "0,35 \u20ac",
    "price/unit": "(11,67 \u20ac / kg)\r\n        "
  },
  {
    "name": "Sul.juustuke DZINTARS maitseroh. 30g",
    "price": "0,35 \u20ac",
    "price/unit": "(11,67 \u20ac / kg)\r\n        "
  },
  {
    "name": "Sul.juust MEREVAIK murulauguga 200g",
    "price": "0,99 \u20ac",
    "price/unit": "(4,95 \u20ac / kg)\r\n        "
  },
  {
    "name": "Toorjuust FARMI originaal 29.8%,150g",
    "price": "1,65 \u20ac",
    "price/unit": "(11,00 \u20ac / kg)\r\n        "
  },
  {
    "name": "Toorjuust FARMI murulauguga 29.4%,150g",
    "price": "1,65 \u20ac",
    "price/unit": "(11,00 \u20ac / kg)\r\n        "
  },
  {
    "name": "Toorjuust FARMI k\u00fc\u00fcslauguga,150g",
    "price": "1,65 \u20ac",
    "price/unit": "(11,00 \u20ac / kg)\r\n        "
  },
  {
    "name": "Sulatatud juust \u00fcrtidega RVA, 80g",
    "price": "0,69 \u20ac",
    "price/unit": "(8,63 \u20ac / kg)\r\n        "
  },
  {
    "name": "Sulatatud suitsujuust RVA, 80g",
    "price": "0,69 \u20ac",
    "price/unit": "(8,63 \u20ac / kg)\r\n        "
  },
  {
    "name": "Toorjuust RASA,180g",
    "price": "1,35 \u20ac",
    "price/unit": "(7,50 \u20ac / kg)\r\n        "
  },
  {
    "name": "Toorjuust \u00fcrtidega RASA,180g",
    "price": "1,35 \u20ac",
    "price/unit": "(7,50 \u20ac / kg)\r\n        "
  },
  {
    "name": "Sulatatud juust Hiirte 200g",
    "price": "1,17 \u20ac",
    "price/unit": "(5,85 \u20ac / kg)\r\n        "
  },
  {
    "name": "Suitsujuust Kaval Ants VALIO 250 g",
    "price": "2,09 \u20ac",
    "price/unit": "(8,36 \u20ac / kg)\r\n        "
  },
  {
    "name": "Toorjuust KARUMS maitserohelisega, 175g",
    "price": "1,09 \u20ac",
    "price/unit": "(6,23 \u20ac / kg)\r\n        "
  },
  {
    "name": "Toorjuust KARUMS papr.-t\u0161illiga, 175g",
    "price": "1,09 \u20ac",
    "price/unit": "(6,23 \u20ac / kg)\r\n        "
  },
  {
    "name": "Sul.juust suitsujuustuga Hiirte 200g",
    "price": "1,17 \u20ac",
    "price/unit": "(5,85 \u20ac / kg)\r\n        "
  },
  {
    "name": "Sulatatud juust maitseroh.Hiirte 200g",
    "price": "1,17 \u20ac",
    "price/unit": "(5,85 \u20ac / kg)\r\n        "
  },
  {
    "name": "Sul.juust suitsusingiga Hiirte 200g",
    "price": "1,17 \u20ac",
    "price/unit": "(5,85 \u20ac / kg)\r\n        "
  },
  {
    "name": "Sulat.suitsujuust Zelmas piens, 330g",
    "price": "1,87 \u20ac",
    "price/unit": "(5,67 \u20ac / kg)\r\n        "
  },
  {
    "name": "Suitsujuust TERE, 200g",
    "price": "1,95 \u20ac",
    "price/unit": "(9,75 \u20ac / kg)\r\n        "
  },
  {
    "name": "Sul.suitsujuustusn\u00e4kk Rambyno sing., 75g",
    "price": "1,19 \u20ac",
    "price/unit": "(15,87 \u20ac / kg)\r\n        "
  },
  {
    "name": "Sul.suitsujuustusn\u00e4kk Rambyno orig., 75g",
    "price": "1,19 \u20ac",
    "price/unit": "(15,87 \u20ac / kg)\r\n        "
  },
  {
    "name": "Sul.suit.juust singiga Zelmas piens 330g",
    "price": "1,99 \u20ac",
    "price/unit": "(6,03 \u20ac / kg)\r\n        "
  },
  {
    "name": "Toorjuust KARUMS sinihallijuust., 175g",
    "price": "1,09 \u20ac",
    "price/unit": "(6,23 \u20ac / kg)\r\n        "
  },
  {
    "name": "Sulatatud suitsujuust lehmapiimast, kg",
    "price": "7,99 \u20ac",
    "price/unit": "(7,99 \u20ac / kg)\r\n        "
  },
  {
    "name": "Sul. juust Hiirte kukeseentega, 200 g",
    "price": "1,17 \u20ac",
    "price/unit": "(5,85 \u20ac / kg)\r\n        "
  },
  {
    "name": "Sulatatud juust Valio Viola, 185g",
    "price": "0,89 \u20ac",
    "price/unit": "(4,81 \u20ac / kg)\r\n        "
  },
  {
    "name": "Sul. juust Valio Viola suitsukanaga,185g",
    "price": "0,89 \u20ac",
    "price/unit": "(4,81 \u20ac / kg)\r\n        "
  },
  {
    "name": "Sul.juust Valio Viola suitsuvorst.,185g",
    "price": "0,89 \u20ac",
    "price/unit": "(4,81 \u20ac / kg)\r\n        "
  },
  {
    "name": "Sul.juust Valio Viola kukeseenega.,185g",
    "price": "0,89 \u20ac",
    "price/unit": "(4,81 \u20ac / kg)\r\n        "
  },
  {
    "name": "Suitsetamistubakas LD MYO Blue 90g",
    "price": "12,15 \u20ac",
    "price/unit": "(135,00 \u20ac / kg)\r\n        "
  },
  {
    "name": "Sigaretid P&S Platinum",
    "price": "3,75 \u20ac",
    "price/unit": "(3,75 \u20ac / tk)\r\n        "
  },
  {
    "name": "Sigaretid P&S Blue",
    "price": "3,60 \u20ac",
    "price/unit": "(3,60 \u20ac / tk)\r\n        "
  },
  {
    "name": "Sigaretid Davidoff White QS",
    "price": "4,00 \u20ac",
    "price/unit": "(4,00 \u20ac / tk)\r\n        "
  },
  {
    "name": "Sigaretid West Red",
    "price": "3,50 \u20ac",
    "price/unit": "(3,50 \u20ac / tk)\r\n        "
  },
  {
    "name": "Sigaretid West Blue",
    "price": "3,50 \u20ac",
    "price/unit": "(3,50 \u20ac / tk)\r\n        "
  },
  {
    "name": "Sigaretid West Silver",
    "price": "3,50 \u20ac",
    "price/unit": "(3,50 \u20ac / tk)\r\n        "
  },
  {
    "name": "Sigaretid West Green",
    "price": "3,50 \u20ac",
    "price/unit": "(3,50 \u20ac / tk)\r\n        "
  },
  {
    "name": "Sigaretid WEST Duo",
    "price": "3,75 \u20ac",
    "price/unit": "(3,75 \u20ac / tk)\r\n        "
  },
  {
    "name": "Suitsetamistubakas WEST RED 30g",
    "price": "3,95 \u20ac",
    "price/unit": "(131,67 \u20ac / kg)\r\n        "
  },
  {
    "name": "Suitsetamistubakas WEST SILVER 30g",
    "price": "3,95 \u20ac",
    "price/unit": "(131,67 \u20ac / kg)\r\n        "
  },
  {
    "name": "Suits.tubakas West Red Ziplock Bag 90g",
    "price": "12,09 \u20ac",
    "price/unit": "(134,33 \u20ac / kg)\r\n        "
  },
  {
    "name": "Suits.tubak. West Silver Ziplock Bag 90g",
    "price": "12,09 \u20ac",
    "price/unit": "(134,33 \u20ac / kg)\r\n        "
  },
  {
    "name": "Sigaretid Vogue Bleue",
    "price": "4,25 \u20ac",
    "price/unit": "(4,25 \u20ac / tk)\r\n        "
  },
  {
    "name": "Sigaretid Vogue Green",
    "price": "4,25 \u20ac",
    "price/unit": "(4,25 \u20ac / tk)\r\n        "
  },
  {
    "name": "Sigaretid Kent iSwitch",
    "price": "4,25 \u20ac",
    "price/unit": "(4,25 \u20ac / tk)\r\n        "
  },
  {
    "name": "Sigaretid Kent HD Blue",
    "price": "4,25 \u20ac",
    "price/unit": "(4,25 \u20ac / tk)\r\n        "
  },
  {
    "name": "Sigaretid Kent HD Silver",
    "price": "4,00 \u20ac",
    "price/unit": "(4,00 \u20ac / tk)\r\n        "
  },
  {
    "name": "Sigaretid Kent HD White",
    "price": "4,25 \u20ac",
    "price/unit": "(4,25 \u20ac / tk)\r\n        "
  },
  {
    "name": "Sigaretid Kent Surround",
    "price": "4,25 \u20ac",
    "price/unit": "(4,25 \u20ac / tk)\r\n        "
  },
  {
    "name": "Sigaretid Kent Surround Green",
    "price": "4,25 \u20ac",
    "price/unit": "(4,25 \u20ac / tk)\r\n        "
  },
  {
    "name": "Sigaretid Kent Green",
    "price": "4,25 \u20ac",
    "price/unit": "(4,25 \u20ac / tk)\r\n        "
  },
  {
    "name": "Sigaretid Rothmans Red",
    "price": "3,50 \u20ac",
    "price/unit": "(3,50 \u20ac / tk)\r\n        "
  },
  {
    "name": "Sigaretid Rothmans Blue",
    "price": "3,50 \u20ac",
    "price/unit": "(3,50 \u20ac / tk)\r\n        "
  },
  {
    "name": "Sigaretid Rothmans Silver",
    "price": "3,50 \u20ac",
    "price/unit": "(3,50 \u20ac / tk)\r\n        "
  },
  {
    "name": "Sigaretid Rothmans Demi Blue",
    "price": "3,40 \u20ac",
    "price/unit": "(3,40 \u20ac / tk)\r\n        "
  },
  {
    "name": "Sigaretid CHESTERFIELD Red",
    "price": "3,60 \u20ac",
    "price/unit": "(3,60 \u20ac / tk)\r\n        "
  },
  {
    "name": "Sig. CHESTERFIELD Rose SSL",
    "price": "3,75 \u20ac",
    "price/unit": "(3,75 \u20ac / tk)\r\n        "
  },
  {
    "name": "Cognac HENNESSY VS 40% 700ml",
    "price": "28,99 \u20ac",
    "price/unit": "(41,41 \u20ac / l)\r\n        "
  },
  {
    "name": "Cognac COURVOISIER VS 40% 700ml",
    "price": "25,99 \u20ac",
    "price/unit": "(37,13 \u20ac / l)\r\n        "
  },
  {
    "name": "Cognac HENNESSY VS 40% 350ml,karp",
    "price": "14,99 \u20ac",
    "price/unit": "(42,83 \u20ac / l)\r\n        "
  },
  {
    "name": "Cognac HENNESSY VSOP 40% 500ml,karp",
    "price": "39,99 \u20ac",
    "price/unit": "(79,98 \u20ac / l)\r\n        "
  },
  {
    "name": "Cognac COURVOISIER VSOP GB 40% 350 ml",
    "price": "19,99 \u20ac",
    "price/unit": "(57,11 \u20ac / l)\r\n        "
  },
  {
    "name": "Cognac COURVOISIER VSOP 40% 500ml",
    "price": "23,99 \u20ac",
    "price/unit": "(47,98 \u20ac / l)\r\n        "
  },
  {
    "name": "Gin GORDON`S 37,5% 700ml",
    "price": "19,99 \u20ac",
    "price/unit": "(28,56 \u20ac / l)\r\n        "
  },
  {
    "name": "Gin BEEFEATER 40% 700ml",
    "price": "18,99 \u20ac",
    "price/unit": "(27,13 \u20ac / l)\r\n        "
  },
  {
    "name": "Gin DRY REVAL 40% 0,7L",
    "price": "10,99 \u20ac",
    "price/unit": "(15,70 \u20ac / l)\r\n        "
  },
  {
    "name": "Gin HOGARTH Dry Gin37.5% 700ml",
    "price": "12,99 \u20ac",
    "price/unit": "(18,56 \u20ac / l)\r\n        "
  },
  {
    "name": "Bitter CAMPARI BITTER 25% 700ml",
    "price": "19,49 \u20ac",
    "price/unit": "(27,84 \u20ac / l)\r\n        "
  },
  {
    "name": "Lik\u00f6\u00f6r J\u00c4GERMEISTER 35% 350ml",
    "price": "10,29 \u20ac",
    "price/unit": "(29,40 \u20ac / l)\r\n        "
  },
  {
    "name": "Lik\u00f6\u00f6r VANA TALLINN 40% 500ml",
    "price": "11,99 \u20ac",
    "price/unit": "(23,98 \u20ac / l)\r\n        "
  },
  {
    "name": "Lik\u00f6\u00f6r VANA TALLINN 16% 500ml",
    "price": "8,49 \u20ac",
    "price/unit": "(16,98 \u20ac / l)\r\n        "
  },
  {
    "name": "Lik\u00f6\u00f6r BAILEYS Irish Cream 17% 700ml",
    "price": "21,99 \u20ac",
    "price/unit": "(31,41 \u20ac / l)\r\n        "
  },
  {
    "name": "Lik\u00f6\u00f6r J\u00c4GERMEISTER 35% 500ml",
    "price": "10,99 \u20ac",
    "price/unit": "(21,98 \u20ac / l)\r\n        "
  },
  {
    "name": "Lik\u00f6\u00f6r VANA TALLINN 45% 500ml",
    "price": "13,99 \u20ac",
    "price/unit": "(27,98 \u20ac / l)\r\n        "
  },
  {
    "name": "Lik\u00f6\u00f6r VANA TALLINN 40% 200ml",
    "price": "5,79 \u20ac",
    "price/unit": "(28,95 \u20ac / l)\r\n        "
  },
  {
    "name": "Lik\u00f6\u00f6r PINA COLADA 14% 700ml",
    "price": "6,49 \u20ac",
    "price/unit": "(9,27 \u20ac / l)\r\n        "
  },
  {
    "name": "Lik\u00f6\u00f6r VANA TALLINN Chocolate 16% 500ml",
    "price": "8,59 \u20ac",
    "price/unit": "(17,18 \u20ac / l)\r\n        "
  },
  {
    "name": "Lik\u00f6\u00f6r J\u00c4GERMEISTER 35% 1L",
    "price": "21,99 \u20ac",
    "price/unit": "(21,99 \u20ac / l)\r\n        "
  },
  {
    "name": "Lik\u00f6\u00f6r \u00dcRDIMEISTER 35% 0.5L",
    "price": "8,99 \u20ac",
    "price/unit": "(17,98 \u20ac / l)\r\n        "
  },
  {
    "name": "Lik\u00f6\u00f6r VANA TALLINN 40% 500ml",
    "price": "9,99 \u20ac",
    "price/unit": "(19,98 \u20ac / l)\r\n        "
  },
  {
    "name": "Lik\u00f6\u00f6r DOOLEY`S Original Toffee 17%350ml",
    "price": "10,49 \u20ac",
    "price/unit": "(29,97 \u20ac / l)\r\n        "
  },
  {
    "name": "Lik\u00f6\u00f6r KIIU TORN muna 15% 200ml",
    "price": "2,89 \u20ac",
    "price/unit": "(14,45 \u20ac / l)\r\n        "
  },
  {
    "name": "Lik\u00f6\u00f6r J\u00c4GERMEISTER 35% 1.75L",
    "price": "39,99 \u20ac",
    "price/unit": "(22,85 \u20ac / l)\r\n        "
  },
  {
    "name": "Lik\u00f6\u00f6r VANA TALLINN Heritage 40% 500ml",
    "price": "10,99 \u20ac",
    "price/unit": "(21,98 \u20ac / l)\r\n        "
  },
  {
    "name": "Lik\u00f6\u00f6r Sokolaadi 18% 500ml",
    "price": "5,89 \u20ac",
    "price/unit": "(11,78 \u20ac / l)\r\n        "
  },
  {
    "name": "Lik\u00f6\u00f6r Muraka 18% 500ml",
    "price": "5,89 \u20ac",
    "price/unit": "(11,78 \u20ac / l)\r\n        "
  },
  {
    "name": "Lik\u00f6\u00f6r MINTTU choco mint 35% 500ml",
    "price": "12,49 \u20ac",
    "price/unit": "(24,98 \u20ac / l)\r\n        "
  },
  {
    "name": "Muu piir.jook ARAMIS RESERVE 36% 500ml",
    "price": "10,49 \u20ac",
    "price/unit": "(20,98 \u20ac / l)\r\n        "
  },
  {
    "name": "Muu piir.jook METAXA 5* 38% 500ml",
    "price": "14,89 \u20ac",
    "price/unit": "(29,78 \u20ac / l)\r\n        "
  },
  {
    "name": "Muu piiritusjook ARAMIS V.S. 30% 500ml",
    "price": "8,99 \u20ac",
    "price/unit": "(17,98 \u20ac / l)\r\n        "
  },
  {
    "name": "Brandy BEL\u00d5I AIST 3* 40% 500ml",
    "price": "12,29 \u20ac",
    "price/unit": "(24,58 \u20ac / l)\r\n        "
  },
  {
    "name": "Brandy AMAZONIA 36% 500ml",
    "price": "7,49 \u20ac",
    "price/unit": "(14,98 \u20ac / l)\r\n        "
  },
  {
    "name": "Brandy RENAISSANCE XO 38% 500ml",
    "price": "12,99 \u20ac",
    "price/unit": "(25,98 \u20ac / l)\r\n        "
  },
  {
    "name": "Brandy IMPERATOR XO 38% 700ml",
    "price": "18,99 \u20ac",
    "price/unit": "(27,13 \u20ac / l)\r\n        "
  },
  {
    "name": "Brandy IMPERIAL XII 36% 500ml",
    "price": "8,99 \u20ac",
    "price/unit": "(17,98 \u20ac / l)\r\n        "
  },
  {
    "name": "Brandy ARARAT 3 A. 40% 500ml",
    "price": "15,49 \u20ac",
    "price/unit": "(30,98 \u20ac / l)\r\n        "
  },
  {
    "name": "Brandy ARARAT 5YO 40% 500ml",
    "price": "12,99 \u20ac",
    "price/unit": "(25,98 \u20ac / l)\r\n        "
  },
  {
    "name": "Brandy RAYNAL V.S.O.P.38% 700ml",
    "price": "18,99 \u20ac",
    "price/unit": "(27,13 \u20ac / l)\r\n        "
  },
  {
    "name": "Muu pir.jook PIPRA NAPS Meega 35% 500ml",
    "price": "9,49 \u20ac",
    "price/unit": "(18,98 \u20ac / l)\r\n        "
  },
  {
    "name": "Brandy LEGION VS 3* 36% 0.5l",
    "price": "11,99 \u20ac",
    "price/unit": "(23,98 \u20ac / l)\r\n        "
  },
  {
    "name": "Brandy LEGION VSOP 5* 40% 0.5l",
    "price": "14,99 \u20ac",
    "price/unit": "(29,98 \u20ac / l)\r\n        "
  },
  {
    "name": "Rumm BACARDI Superior 37,5% 500ml",
    "price": "16,49 \u20ac",
    "price/unit": "(32,98 \u20ac / l)\r\n        "
  },
  {
    "name": "Muu piir.jook CASINO Superior 50% 500ml",
    "price": "13,49 \u20ac",
    "price/unit": "(26,98 \u20ac / l)\r\n        "
  },
  {
    "name": "Rumm CAPTAIN MORGAN Jamaica 40%700ml",
    "price": "22,99 \u20ac",
    "price/unit": "(32,84 \u20ac / l)\r\n        "
  },
  {
    "name": "Muu piir.jook CAPTAIN MORGAN 35% 700ml",
    "price": "20,99 \u20ac",
    "price/unit": "(29,99 \u20ac / l)\r\n        "
  },
  {
    "name": "Rum CAPTAIN GOLD dark 37.5% 700ml",
    "price": "10,99 \u20ac",
    "price/unit": "(15,70 \u20ac / l)\r\n        "
  },
  {
    "name": "Rumm CARIBBA Blanco 37,5% 500ml",
    "price": "11,29 \u20ac",
    "price/unit": "(22,58 \u20ac / l)\r\n        "
  },
  {
    "name": "Rumm CARIBBA Negro 37,5% 500ml",
    "price": "11,29 \u20ac",
    "price/unit": "(22,58 \u20ac / l)\r\n        "
  },
  {
    "name": "Muu piir.jook STROH 40% 500ml",
    "price": "16,79 \u20ac",
    "price/unit": "(33,58 \u20ac / l)\r\n        "
  },
  {
    "name": "Muu piir.jook CAPTAIN MORGAN 35% 500ml",
    "price": "16,49 \u20ac",
    "price/unit": "(32,98 \u20ac / l)\r\n        "
  },
  {
    "name": "Muu piir.jook CARIBBA Xtabla 35% 500ml",
    "price": "10,30 \u20ac",
    "price/unit": "(20,60 \u20ac / l)\r\n        "
  },
  {
    "name": "Muu piir.jook SAILOR JERRY Spic.40%700ml",
    "price": "22,99 \u20ac",
    "price/unit": "(32,84 \u20ac / l)\r\n        "
  },
  {
    "name": "Muu p.jook BACARDI Oakh.Spic.35% 500ml",
    "price": "14,79 \u20ac",
    "price/unit": "(29,58 \u20ac / l)\r\n        "
  },
  {
    "name": "Rumm CARIBBA Negro 37,5% 1l",
    "price": "21,79 \u20ac",
    "price/unit": "(21,79 \u20ac / l)\r\n        "
  },
  {
    "name": "Rumm BACARDI Carta Negra 40% 1l",
    "price": "24,99 \u20ac",
    "price/unit": "(24,99 \u20ac / l)\r\n        "
  },
  {
    "name": "Rum CAPTAIN Spiced 35% 700ml",
    "price": "10,99 \u20ac",
    "price/unit": "(15,70 \u20ac / l)\r\n        "
  },
  {
    "name": "Rumm NEGRITA Spiced Golden 35% 700ml",
    "price": "19,39 \u20ac",
    "price/unit": "(27,70 \u20ac / l)\r\n        "
  },
  {
    "name": "Aromat.vein MARTINI Rosso 15% 1L",
    "price": "13,49 \u20ac",
    "price/unit": "(13,49 \u20ac / l)\r\n        "
  },
  {
    "name": "Aromat.vein MARTINI Bianco 15% 1L",
    "price": "13,49 \u20ac",
    "price/unit": "(13,49 \u20ac / l)\r\n        "
  },
  {
    "name": "Aromat.vein MARTINI Bianco 15% 500ml",
    "price": "7,49 \u20ac",
    "price/unit": "(14,98 \u20ac / l)\r\n        "
  },
  {
    "name": "Aromat.vein MARTINI Rosato 15% 1L",
    "price": "13,49 \u20ac",
    "price/unit": "(13,49 \u20ac / l)\r\n        "
  },
  {
    "name": "Vermut ITALIANA Rosso 1L",
    "price": "6,99 \u20ac",
    "price/unit": "(6,99 \u20ac / l)\r\n        "
  },
  {
    "name": "Vermut ITALIANA Lemon 1L",
    "price": "6,99 \u20ac",
    "price/unit": "(6,99 \u20ac / l)\r\n        "
  },
  {
    "name": "Vermut ITALIANA Cherry 1L",
    "price": "6,99 \u20ac",
    "price/unit": "(6,99 \u20ac / l)\r\n        "
  },
  {
    "name": "Viin RUSSIAN STANDARD 40% 500ml",
    "price": "9,99 \u20ac",
    "price/unit": "(19,98 \u20ac / l)\r\n        "
  },
  {
    "name": "Viin MOSKOVSKAYA Russian Vodka 40% 0.5L",
    "price": "8,99 \u20ac",
    "price/unit": "(17,98 \u20ac / l)\r\n        "
  },
  {
    "name": "Viin ABSOLUT Vodka 40% 500 ml",
    "price": "13,99 \u20ac",
    "price/unit": "(27,98 \u20ac / l)\r\n        "
  },
  {
    "name": "Viin ABSOLUT 40% 700ml",
    "price": "13,99 \u20ac",
    "price/unit": "(19,99 \u20ac / l)\r\n        "
  },
  {
    "name": "Viin FINLANDIA 40% 1L",
    "price": "23,99 \u20ac",
    "price/unit": "(23,99 \u20ac / l)\r\n        "
  },
  {
    "name": "Viin RUSSIAN STANDARD 40% 1 L",
    "price": "17,99 \u20ac",
    "price/unit": "(17,99 \u20ac / l)\r\n        "
  },
  {
    "name": "Maitset.viin NEMIROFF mee-pipra40%500ml",
    "price": "11,29 \u20ac",
    "price/unit": "(22,58 \u20ac / l)\r\n        "
  },
  {
    "name": "Viin RUSSKIJ RAZMER 40% 500ml",
    "price": "11,39 \u20ac",
    "price/unit": "(22,78 \u20ac / l)\r\n        "
  },
  {
    "name": "Viin MONOPOL 40% 350ml",
    "price": "6,29 \u20ac",
    "price/unit": "(17,97 \u20ac / l)\r\n        "
  },
  {
    "name": "Viin CRISTAL 40% 500ml",
    "price": "10,49 \u20ac",
    "price/unit": "(20,98 \u20ac / l)\r\n        "
  },
  {
    "name": "Muu piir.jook PIPRA KIBE NAPS 35% 350ml",
    "price": "6,69 \u20ac",
    "price/unit": "(19,11 \u20ac / l)\r\n        "
  },
  {
    "name": "Muu piir.jook PIPRA KIBE NAPS 35% 500ml",
    "price": "8,99 \u20ac",
    "price/unit": "(17,98 \u20ac / l)\r\n        "
  },
  {
    "name": "Viin LAUA* 40% 500ml",
    "price": "6,99 \u20ac",
    "price/unit": "(13,98 \u20ac / l)\r\n        "
  },
  {
    "name": "Viin VIRU VALGE 40% 350ml",
    "price": "7,59 \u20ac",
    "price/unit": "(21,69 \u20ac / l)\r\n        "
  },
  {
    "name": "Viin VIRU VALGE 40% 500ml",
    "price": "9,99 \u20ac",
    "price/unit": "(19,98 \u20ac / l)\r\n        "
  },
  {
    "name": "Viin LAUA  40% 700ml",
    "price": "11,49 \u20ac",
    "price/unit": "(16,41 \u20ac / l)\r\n        "
  },
  {
    "name": "Viin VIRU VALGE V\u00c4GEV 80% 0,5 L",
    "price": "17,49 \u20ac",
    "price/unit": "(34,98 \u20ac / l)\r\n        "
  },
  {
    "name": "Viin MERNAYA Na Moloke 40% 0.5L",
    "price": "10,99 \u20ac",
    "price/unit": "(21,98 \u20ac / l)\r\n        "
  },
  {
    "name": "Viin MERNAYA Na Moloke 40% 0.7L",
    "price": "15,49 \u20ac",
    "price/unit": "(22,13 \u20ac / l)\r\n        "
  },
  {
    "name": "Viin ZELENAJA MARKA Tradits.40% 500ml",
    "price": "9,99 \u20ac",
    "price/unit": "(19,98 \u20ac / l)\r\n        "
  },
  {
    "name": "Viin ZELENAJA MARKA Kedrovaja 40% 500ml",
    "price": "9,99 \u20ac",
    "price/unit": "(19,98 \u20ac / l)\r\n        "
  },
  {
    "name": "Viin NEMIROFF BERJOZOVAJA 40% 500ml",
    "price": "11,29 \u20ac",
    "price/unit": "(22,58 \u20ac / l)\r\n        "
  },
  {
    "name": "Viin MERNAYA Tradition 40% 500ml",
    "price": "10,99 \u20ac",
    "price/unit": "(21,98 \u20ac / l)\r\n        "
  },
  {
    "name": "Viin TSARSKAJA Originalnaja 40%700ml",
    "price": "19,99 \u20ac",
    "price/unit": "(28,56 \u20ac / l)\r\n        "
  },
  {
    "name": "Viin LAUA 40% 200ml",
    "price": "3,99 \u20ac",
    "price/unit": "(19,95 \u20ac / l)\r\n        "
  },
  {
    "name": "Viin VIRU VALGE 40% 700ml",
    "price": "14,49 \u20ac",
    "price/unit": "(20,70 \u20ac / l)\r\n        "
  },
  {
    "name": "Viin TSARSKAJA Zolotaja 40% 700ml",
    "price": "21,99 \u20ac",
    "price/unit": "(31,41 \u20ac / l)\r\n        "
  },
  {
    "name": "Viin HLEBNIY DAR Pshenichnaja 40% 500ml",
    "price": "7,99 \u20ac",
    "price/unit": "(15,98 \u20ac / l)\r\n        "
  },
  {
    "name": "Viin HLEBNIY DAR Klassik 40% 700ml",
    "price": "10,99 \u20ac",
    "price/unit": "(15,70 \u20ac / l)\r\n        "
  },
  {
    "name": "Viin HLEBNIY DAR Klassicheskaja 40% 1L",
    "price": "19,99 \u20ac",
    "price/unit": "(19,99 \u20ac / l)\r\n        "
  },
  {
    "name": "Viin HLEBNIY DAR Ozimaja 40% 700ml",
    "price": "10,99 \u20ac",
    "price/unit": "(15,70 \u20ac / l)\r\n        "
  },
  {
    "name": "Maits.viin VIRU VALGE Cherry38%500ml",
    "price": "9,99 \u20ac",
    "price/unit": "(19,98 \u20ac / l)\r\n        "
  },
  {
    "name": "Muu piir.jook BULBASH Med.pipra 40%500ml",
    "price": "9,49 \u20ac",
    "price/unit": "(18,98 \u20ac / l)\r\n        "
  },
  {
    "name": "Viin ST\u00d6N 40% 500ml",
    "price": "9,99 \u20ac",
    "price/unit": "(19,98 \u20ac / l)\r\n        "
  },
  {
    "name": "Viin KALASHNIKOV 40% 500ml",
    "price": "12,59 \u20ac",
    "price/unit": "(25,18 \u20ac / l)\r\n        "
  },
  {
    "name": "Viin BELORUSSKOE POLESJE 40%500ml",
    "price": "7,49 \u20ac",
    "price/unit": "(14,98 \u20ac / l)\r\n        "
  },
  {
    "name": "Viin MERNAYA Tradition 40% 700ml",
    "price": "15,49 \u20ac",
    "price/unit": "(22,13 \u20ac / l)\r\n        "
  },
  {
    "name": "Viin SOBIESKI  PLATINUM 40% 0.5l",
    "price": "10,99 \u20ac",
    "price/unit": "(21,98 \u20ac / l)\r\n        "
  },
  {
    "name": "Viin BULBASH 40% 500ml",
    "price": "11,39 \u20ac",
    "price/unit": "(22,78 \u20ac / l)\r\n        "
  },
  {
    "name": "Viin JAMSKAJA Mjagkaja 40% 500ml",
    "price": "8,49 \u20ac",
    "price/unit": "(16,98 \u20ac / l)\r\n        "
  },
  {
    "name": "Viin STARQJ KNJAZ 40% 500ml",
    "price": "6,99 \u20ac",
    "price/unit": "(13,98 \u20ac / l)\r\n        "
  },
  {
    "name": "Viin STOLICHNAYA Premium 40% 500ml",
    "price": "9,99 \u20ac",
    "price/unit": "(19,98 \u20ac / l)\r\n        "
  },
  {
    "name": "Viin HLEBNIY DAR Na Pror.Zern.40% 700ml",
    "price": "10,99 \u20ac",
    "price/unit": "(15,70 \u20ac / l)\r\n        "
  },
  {
    "name": "Maitsetatud viin SLAAVI STARKA 43%500ml",
    "price": "10,79 \u20ac",
    "price/unit": "(21,58 \u20ac / l)\r\n        "
  },
  {
    "name": "Muu piir.jook MERNAYA meepipraga40%500ml",
    "price": "10,99 \u20ac",
    "price/unit": "(21,98 \u20ac / l)\r\n        "
  },
  {
    "name": "Viin SEV.FEDERACIJA Pshenichn.40% 500ml",
    "price": "10,49 \u20ac",
    "price/unit": "(20,98 \u20ac / l)\r\n        "
  },
  {
    "name": "Viin MOE 1886 Mahe 40% 700ml",
    "price": "18,49 \u20ac",
    "price/unit": "(26,41 \u20ac / l)\r\n        "
  },
  {
    "name": "Maitsetatud viin ALMO J\u00f5hvika 37.5%100ml",
    "price": "1,79 \u20ac",
    "price/unit": "(17,90 \u20ac / l)\r\n        "
  },
  {
    "name": "Muu piir.jook ALMO PipranapsMeega35%0.1l",
    "price": "1,79 \u20ac",
    "price/unit": "(17,90 \u20ac / l)\r\n        "
  },
  {
    "name": "Viin RIGA BLACK VODKA 40%, 500ml",
    "price": "8,99 \u20ac",
    "price/unit": "(17,98 \u20ac / l)\r\n        "
  },
  {
    "name": "Muu piir.jook RIGA BLACK BALSAM 45% 0.2l",
    "price": "6,89 \u20ac",
    "price/unit": "(34,45 \u20ac / l)\r\n        "
  },
  {
    "name": "Muu piir.jook 999 40% 500ml",
    "price": "11,99 \u20ac",
    "price/unit": "(23,98 \u20ac / l)\r\n        "
  },
  {
    "name": "Muu piir.jook Green 999 35% 500ml",
    "price": "11,99 \u20ac",
    "price/unit": "(23,98 \u20ac / l)\r\n        "
  },
  {
    "name": "Muu piir.jook RIGA BLACK BALSAM 30%0.5l",
    "price": "9,99 \u20ac",
    "price/unit": "(19,98 \u20ac / l)\r\n        "
  },
  {
    "name": "Kodujuust mustikatega AASA 7% 150g",
    "price": "0,89 \u20ac",
    "price/unit": "(5,93 \u20ac / kg)\r\n        "
  },
  {
    "name": "Kodujuust vaarikatega AASA 7% 150g",
    "price": "0,89 \u20ac",
    "price/unit": "(5,93 \u20ac / kg)\r\n        "
  },
  {
    "name": "Kodujuust  ALMA 0.1%, 200g",
    "price": "0,99 \u20ac",
    "price/unit": "(4,95 \u20ac / kg)\r\n        "
  },
  {
    "name": "Kohupiimakreem TERE Emma rosina 5% 150g",
    "price": "0,69 \u20ac",
    "price/unit": "(4,60 \u20ac / kg)\r\n        "
  },
  {
    "name": "Kodujuust murakamoosiga 200g",
    "price": "1,46 \u20ac",
    "price/unit": "(7,30 \u20ac / kg)\r\n        "
  },
  {
    "name": "Kodujuust EKSTRA 5% hapuk-ga, 300+30g",
    "price": "1,36 \u20ac",
    "price/unit": "(4,12 \u20ac / kg)\r\n        "
  },
  {
    "name": "Kodujuust TERE 4% 300g",
    "price": "0,95 \u20ac",
    "price/unit": "(3,17 \u20ac / kg)\r\n        "
  },
  {
    "name": "Kohupiim TERE rabarberikisselliga 150g",
    "price": "0,69 \u20ac",
    "price/unit": "(4,60 \u20ac / kg)\r\n        "
  },
  {
    "name": "Kohupiim TERE vaarikakisselliga 150g",
    "price": "0,69 \u20ac",
    "price/unit": "(4,60 \u20ac / kg)\r\n        "
  },
  {
    "name": "Kodujuust EKSTRA m-ta jog-ga 1,5%300+30g",
    "price": "1,36 \u20ac",
    "price/unit": "(4,12 \u20ac / kg)\r\n        "
  },
  {
    "name": "Kodujuust EKSTRA 4%,300+30g",
    "price": "1,36 \u20ac",
    "price/unit": "(4,12 \u20ac / kg)\r\n        "
  },
  {
    "name": "Kohupiimakreem Emma TERE banaani 150g",
    "price": "0,69 \u20ac",
    "price/unit": "(4,60 \u20ac / kg)\r\n        "
  },
  {
    "name": "Kohupiimakreem Emma TERE maasika 150g",
    "price": "0,69 \u20ac",
    "price/unit": "(4,60 \u20ac / kg)\r\n        "
  },
  {
    "name": "Kirsimaitseline tarretis J\u00c4NKS 150g",
    "price": "0,23 \u20ac",
    "price/unit": "(1,53 \u20ac / kg)\r\n        "
  },
  {
    "name": "Kohupiim AASA lahja 300g",
    "price": "1,19 \u20ac",
    "price/unit": "(3,97 \u20ac / kg)\r\n        "
  },
  {
    "name": "Kohupiim AASA 9% 300g",
    "price": "1,19 \u20ac",
    "price/unit": "(3,97 \u20ac / kg)\r\n        "
  },
  {
    "name": "Kohupiim AASA 15% 300g",
    "price": "1,19 \u20ac",
    "price/unit": "(3,97 \u20ac / kg)\r\n        "
  },
  {
    "name": "Kohupiim TERE 5%  200g",
    "price": "0,80 \u20ac",
    "price/unit": "(4,00 \u20ac / kg)\r\n        "
  },
  {
    "name": "Magus vanillkohupiim TERE 0.1% 200g",
    "price": "0,87 \u20ac",
    "price/unit": "(4,35 \u20ac / kg)\r\n        "
  },
  {
    "name": "Kohupiimapasta TERE maasika 4.2% 300g",
    "price": "1,11 \u20ac",
    "price/unit": "(3,70 \u20ac / kg)\r\n        "
  },
  {
    "name": "Kohupiim rosinatega ARMAS 0.4% 200g",
    "price": "0,75 \u20ac",
    "price/unit": "(3,75 \u20ac / kg)\r\n        "
  },
  {
    "name": "Vanillikohupiim ARMAS 0.4% 200g",
    "price": "0,75 \u20ac",
    "price/unit": "(3,75 \u20ac / kg)\r\n        "
  },
  {
    "name": "Kohupiimakreem ALMA kakaoga 150g",
    "price": "0,73 \u20ac",
    "price/unit": "(4,87 \u20ac / kg)\r\n        "
  },
  {
    "name": "Ricotta kohupiim OTTO 200g",
    "price": "0,32 \u20ac",
    "price/unit": "(1,60 \u20ac / kg)\r\n        "
  },
  {
    "name": "Kohupiimapasta TERE vanilje 4% 300g",
    "price": "1,11 \u20ac",
    "price/unit": "(3,70 \u20ac / kg)\r\n        "
  },
  {
    "name": "Kodujuust PIATNICA 500g",
    "price": "1,55 \u20ac",
    "price/unit": "(3,10 \u20ac / kg)\r\n        "
  },
  {
    "name": "Kodujuust PIATNICA Light 500g",
    "price": "1,55 \u20ac",
    "price/unit": "(3,10 \u20ac / kg)\r\n        "
  },
  {
    "name": "Kodujuust Tere hapukoorega 5% 300g",
    "price": "0,95 \u20ac",
    "price/unit": "(3,17 \u20ac / kg)\r\n        "
  },
  {
    "name": "Kohup.kreem van.maas.banaan.DANONKI 4tk",
    "price": "1,59 \u20ac",
    "price/unit": "(4,42 \u20ac / kg)\r\n        "
  },
  {
    "name": "Vanilli-kohupiimakreem ALMA 2.5% 380g",
    "price": "1,39 \u20ac",
    "price/unit": "(3,66 \u20ac / kg)\r\n        "
  },
  {
    "name": "Kakao-kohupiimakreem ALMA 2.5% 380g",
    "price": "1,39 \u20ac",
    "price/unit": "(3,66 \u20ac / kg)\r\n        "
  },
  {
    "name": "Kohupiimapasta Alma rasvata 0.1% 300g",
    "price": "0,77 \u20ac",
    "price/unit": "(2,57 \u20ac / kg)\r\n        "
  },
  {
    "name": "Kodujuust Extra krevetimaits.nuudl.300g",
    "price": "1,74 \u20ac",
    "price/unit": "(5,80 \u20ac / kg)\r\n        "
  },
  {
    "name": "Kodujuust ALMA 5%,200g",
    "price": "0,99 \u20ac",
    "price/unit": "(4,95 \u20ac / kg)\r\n        "
  },
  {
    "name": "Kodujuust ALMA 5%,380g",
    "price": "1,39 \u20ac",
    "price/unit": "(3,66 \u20ac / kg)\r\n        "
  },
  {
    "name": "Lahja kohupiim 0,5% FARMI 200g",
    "price": "0,60 \u20ac",
    "price/unit": "(3,00 \u20ac / kg)\r\n        "
  },
  {
    "name": "Lahja kohupiim rosin.0,4% FARMI 200g",
    "price": "0,60 \u20ac",
    "price/unit": "(3,00 \u20ac / kg)\r\n        "
  },
  {
    "name": "Kodujuust Alma hapukoorega 4% 380g",
    "price": "1,65 \u20ac",
    "price/unit": "(4,34 \u20ac / kg)\r\n        "
  },
  {
    "name": "Kodujuust vaarikamoosiga 4,2% 150g",
    "price": "0,59 \u20ac",
    "price/unit": "(3,93 \u20ac / kg)\r\n        "
  },
  {
    "name": "Kodujuust kirsimoosiga 4,2% 150g",
    "price": "0,59 \u20ac",
    "price/unit": "(3,93 \u20ac / kg)\r\n        "
  },
  {
    "name": "Koorene kohup.kreem must kirss.Farmi150g",
    "price": "0,79 \u20ac",
    "price/unit": "(5,27 \u20ac / kg)\r\n        "
  },
  {
    "name": "Koorene kohup.kreem vaarika Farmi 150g",
    "price": "0,79 \u20ac",
    "price/unit": "(5,27 \u20ac / kg)\r\n        "
  },
  {
    "name": "Kodujuust TERE lak.vaba jogurtiga 300g",
    "price": "0,95 \u20ac",
    "price/unit": "(3,17 \u20ac / kg)\r\n        "
  },
  {
    "name": "Kohup.kreem Alma astelpaju 2,7% 2x130g",
    "price": "1,35 \u20ac",
    "price/unit": "(5,19 \u20ac / kg)\r\n        "
  },
  {
    "name": "Kohupiimakreem Alma mustika. 2,7% 2x130g",
    "price": "1,35 \u20ac",
    "price/unit": "(5,19 \u20ac / kg)\r\n        "
  },
  {
    "name": "Kohupiimakreem ALMA Creme Brulee, 150g",
    "price": "0,73 \u20ac",
    "price/unit": "(4,87 \u20ac / kg)\r\n        "
  },
  {
    "name": "Kohupiimadessert KARUMS maasikatega 140g",
    "price": "0,59 \u20ac",
    "price/unit": "(4,21 \u20ac / kg)\r\n        "
  },
  {
    "name": "Kohupiimadessert KARUMS p\u00f5ldmarja 140g",
    "price": "0,59 \u20ac",
    "price/unit": "(4,21 \u20ac / kg)\r\n        "
  },
  {
    "name": "Kodujuust OTTO hapukoorega, 330g",
    "price": "0,99 \u20ac",
    "price/unit": "(3,00 \u20ac / kg)\r\n        "
  },
  {
    "name": "Kodujuust OTTO koorega, 330g",
    "price": "0,99 \u20ac",
    "price/unit": "(3,00 \u20ac / kg)\r\n        "
  },
  {
    "name": "Seitsmeviljapuder BIO MILUPA 250g,6k",
    "price": "3,29 \u20ac",
    "price/unit": "(13,16 \u20ac / kg)\r\n        "
  },
  {
    "name": "\u00d6kol. valge suhkur DANSUKKER 1kg",
    "price": "2,79 \u20ac",
    "price/unit": "(2,79 \u20ac / kg)\r\n        "
  },
  {
    "name": "Koorekompvek Werther's Orig. STORCK 42g",
    "price": "1,39 \u20ac",
    "price/unit": "(33,10 \u20ac / kg)\r\n        "
  },
  {
    "name": "Mahe k\u00f6\u00f6givil.puljong NATUR COMPAGNIE84g",
    "price": "1,79 \u20ac",
    "price/unit": "(21,31 \u20ac / kg)\r\n        "
  },
  {
    "name": "\u00d6kol. tomatiket\u0161up FELIX 500g",
    "price": "2,19 \u20ac",
    "price/unit": "(4,38 \u20ac / kg)\r\n        "
  },
  {
    "name": "Mahemakaronid  DELVERDE 500g",
    "price": "1,64 \u20ac",
    "price/unit": "(3,28 \u20ac / kg)\r\n        "
  },
  {
    "name": "Mahe -t\u00e4isteraspagetid DELVERDE500g",
    "price": "1,29 \u20ac",
    "price/unit": "(2,58 \u20ac / kg)\r\n        "
  },
  {
    "name": "Mahe\u00f5una nektar Bio H\u00d6LLINGER 200ml",
    "price": "0,75 \u20ac",
    "price/unit": "(3,75 \u20ac / l)\r\n        "
  },
  {
    "name": "Mahepirni nektar Bio H\u00d6LLINGER 200ml",
    "price": "0,75 \u20ac",
    "price/unit": "(3,75 \u20ac / l)\r\n        "
  },
  {
    "name": "Maheviinamarja nektar BioH\u00d6LLINGER200ml",
    "price": "0,75 \u20ac",
    "price/unit": "(3,75 \u20ac / l)\r\n        "
  },
  {
    "name": "Puhas Kookos\u00f5li ANIRA 200ml",
    "price": "4,29 \u20ac",
    "price/unit": "(21,45 \u20ac / l)\r\n        "
  },
  {
    "name": "Punased oad  vees ORGANIC FOODS 400g",
    "price": "1,05 \u20ac",
    "price/unit": "(2,63 \u20ac / kg)\r\n        "
  },
  {
    "name": "Kikerherned vees ORGANIC FOODS 400g",
    "price": "1,25 \u20ac",
    "price/unit": "(3,13 \u20ac / kg)\r\n        "
  },
  {
    "name": "T\u00fckeldatud tomatid ORGANIC FOODS 400g",
    "price": "1,29 \u20ac",
    "price/unit": "(3,23 \u20ac / kg)\r\n        "
  },
  {
    "name": "Mahepune SANTA MARIA ORGANIC 4g",
    "price": "0,89 \u20ac",
    "price/unit": "(222,50 \u20ac / kg)\r\n        "
  },
  {
    "name": "Mahesidrunipipar SANTA MARIA 17g",
    "price": "1,39 \u20ac",
    "price/unit": "(81,76 \u20ac / kg)\r\n        "
  },
  {
    "name": "Tumedad oad vees ORGANIC FOODS 400g",
    "price": "1,15 \u20ac",
    "price/unit": "(2,88 \u20ac / kg)\r\n        "
  },
  {
    "name": "\u00d6kol.p\u00e4evalille\u00f5li BIONATURALIS 1L",
    "price": "4,39 \u20ac",
    "price/unit": "(4,39 \u20ac / l)\r\n        "
  },
  {
    "name": "Mahe\u00f5unamoos NATURA NUOVA BIO 100g",
    "price": "0,59 \u20ac",
    "price/unit": "(5,90 \u20ac / kg)\r\n        "
  },
  {
    "name": "Mahepirnimoos NATURA NUOVA BIO 100g",
    "price": "0,59 \u20ac",
    "price/unit": "(5,90 \u20ac / kg)\r\n        "
  },
  {
    "name": "Mahepuuvilj.moos NATURA NUOVA BIO 100g",
    "price": "0,59 \u20ac",
    "price/unit": "(5,90 \u20ac / kg)\r\n        "
  },
  {
    "name": "Kaerapudrupulber BIO HIPP 200g 4k",
    "price": "3,29 \u20ac",
    "price/unit": "(16,45 \u20ac / kg)\r\n        "
  },
  {
    "name": "Mahe Classic tee YOGI 37.4g",
    "price": "3,89 \u20ac",
    "price/unit": "(104,01 \u20ac / kg)\r\n        "
  },
  {
    "name": "Mahe-suhkrumais, konserv. GLOBUS 330g",
    "price": "1,29 \u20ac",
    "price/unit": "(3,91 \u20ac / kg)\r\n        "
  },
  {
    "name": "Savannah Organic jahv.kohv L\u00d6FBERGS 450g",
    "price": "5,69 \u20ac",
    "price/unit": "(12,64 \u20ac / kg)\r\n        "
  },
  {
    "name": "\u00d6kol. tuhksuhkur DAN SUKKER 500g",
    "price": "1,89 \u20ac",
    "price/unit": "(3,78 \u20ac / kg)\r\n        "
  },
  {
    "name": "Raf-ta kookos\u00f5li AMRITA 500ml",
    "price": "11,49 \u20ac",
    "price/unit": "(22,98 \u20ac / l)\r\n        "
  },
  {
    "name": "Mangomaitseline roheline tee CHA 25x1.5g",
    "price": "2,70 \u20ac",
    "price/unit": "(0,11 \u20ac / tk)\r\n        "
  },
  {
    "name": "Mustikamaits. roheline tee CHA 25x1.5g",
    "price": "2,70 \u20ac",
    "price/unit": "(0,11 \u20ac / tk)\r\n        "
  },
  {
    "name": "Piparm\u00fcndi mahetee CHA 25x1.5g",
    "price": "2,70 \u20ac",
    "price/unit": "(0,11 \u20ac / tk)\r\n        "
  },
  {
    "name": "Suhkru-laktoosivaba tume \u0161ok.BRUNBERG50g",
    "price": "0,99 \u20ac",
    "price/unit": "(19,80 \u20ac / kg)\r\n        "
  },
  {
    "name": "Mahe tatravahvlid RENEE VOLTAIRE 150g",
    "price": "4,99 \u20ac",
    "price/unit": "(33,27 \u20ac / kg)\r\n        "
  },
  {
    "name": "Mahe tee classic chai YOGI 90g",
    "price": "5,29 \u20ac",
    "price/unit": "(58,78 \u20ac / kg)\r\n        "
  },
  {
    "name": "Mahe tee \u0161okolaadi chai YOGI 90g",
    "price": "5,29 \u20ac",
    "price/unit": "(58,78 \u20ac / kg)\r\n        "
  },
  {
    "name": "Mahe tee ingveri-sidruni chai YOGI 90g",
    "price": "5,29 \u20ac",
    "price/unit": "(58,78 \u20ac / kg)\r\n        "
  },
  {
    "name": "Mahe greibi d\u017eemm RIGONI DI ASIAGO 260g",
    "price": "4,59 \u20ac",
    "price/unit": "(17,65 \u20ac / kg)\r\n        "
  },
  {
    "name": "Whisky J.WALKER Red Label 40% 700ml",
    "price": "13,99 \u20ac",
    "price/unit": "(19,99 \u20ac / l)\r\n        "
  },
  {
    "name": "Whisky J.WALKER LABEL 40% 500ml",
    "price": "17,49 \u20ac",
    "price/unit": "(34,98 \u20ac / l)\r\n        "
  },
  {
    "name": "Whisky TULLAMORE 40% 700ml",
    "price": "16,99 \u20ac",
    "price/unit": "(24,27 \u20ac / l)\r\n        "
  },
  {
    "name": "Whisky SCOTTISH LEADER 40% 500ml",
    "price": "14,99 \u20ac",
    "price/unit": "(29,98 \u20ac / l)\r\n        "
  },
  {
    "name": "Whiskey bourbon KENTUCKY JACK 40% 700ml",
    "price": "19,49 \u20ac",
    "price/unit": "(27,84 \u20ac / l)\r\n        "
  },
  {
    "name": "Whisky CHIVAS REGAL 12 YO 40% 700ml",
    "price": "27,99 \u20ac",
    "price/unit": "(39,99 \u20ac / l)\r\n        "
  },
  {
    "name": "Whisky BALLANTINES FINEST 40% 500ml",
    "price": "10,99 \u20ac",
    "price/unit": "(21,98 \u20ac / l)\r\n        "
  },
  {
    "name": "Whisky BALLANTINES FINEST 40% 700ml",
    "price": "18,99 \u20ac",
    "price/unit": "(27,13 \u20ac / l)\r\n        "
  },
  {
    "name": "Whiskey JIM BEAM White Label 40% 500ml",
    "price": "15,99 \u20ac",
    "price/unit": "(31,98 \u20ac / l)\r\n        "
  },
  {
    "name": "Whisky CANADIAN SPECIAL OLD 40% 700ml",
    "price": "16,99 \u20ac",
    "price/unit": "(24,27 \u20ac / l)\r\n        "
  },
  {
    "name": "Whisky GRANT\u00b4S Fam Reserve 40% 350ml",
    "price": "12,49 \u20ac",
    "price/unit": "(35,69 \u20ac / l)\r\n        "
  },
  {
    "name": "Whisky GRANT'S The Family Res.40% 500ml",
    "price": "10,49 \u20ac",
    "price/unit": "(20,98 \u20ac / l)\r\n        "
  },
  {
    "name": "Whisky GLENFIDDICH 15YO S.Malt 40% 700ml",
    "price": "39,99 \u20ac",
    "price/unit": "(57,13 \u20ac / l)\r\n        "
  },
  {
    "name": "Whisky JAMESON IRISH 40% 700ml",
    "price": "20,99 \u20ac",
    "price/unit": "(29,99 \u20ac / l)\r\n        "
  },
  {
    "name": "Whiskey JAMESON IRISH 40% 500ml",
    "price": "16,49 \u20ac",
    "price/unit": "(32,98 \u20ac / l)\r\n        "
  },
  {
    "name": "Whiskey JIM BEAM White Label 4YO 40% 1l",
    "price": "19,99 \u20ac",
    "price/unit": "(19,99 \u20ac / l)\r\n        "
  },
  {
    "name": "Whiskey JACK DANIEL'S Tennes. 40%500ml",
    "price": "22,99 \u20ac",
    "price/unit": "(45,98 \u20ac / l)\r\n        "
  },
  {
    "name": "Whisky DOUGHERTY'S Scotch 40% 700ml",
    "price": "12,99 \u20ac",
    "price/unit": "(18,56 \u20ac / l)\r\n        "
  },
  {
    "name": "Muu piir.jook JIM BEAM Red Stag 40%0.7L",
    "price": "15,99 \u20ac",
    "price/unit": "(22,84 \u20ac / l)\r\n        "
  },
  {
    "name": "Whiskey TULLAMORE DEW 40% 500ml",
    "price": "13,99 \u20ac",
    "price/unit": "(27,98 \u20ac / l)\r\n        "
  },
  {
    "name": "Whisky THE GLENLIVET Reserve SM40% 700ml",
    "price": "34,99 \u20ac",
    "price/unit": "(49,99 \u20ac / l)\r\n        "
  },
  {
    "name": "Whisky SCOTTISH LEADER 40% 700ml",
    "price": "18,99 \u20ac",
    "price/unit": "(27,13 \u20ac / l)\r\n        "
  },
  {
    "name": "Whisky SCOTTISH LEADER 40% 1L",
    "price": "19,99 \u20ac",
    "price/unit": "(19,99 \u20ac / l)\r\n        "
  },
  {
    "name": "Kang. Puuviljavein 777 valge 700ml",
    "price": "3,99 \u20ac",
    "price/unit": "(5,70 \u20ac / l)\r\n        "
  },
  {
    "name": "Kang. Puuviljavein 777 punane 700ml",
    "price": "3,99 \u20ac",
    "price/unit": "(5,70 \u20ac / l)\r\n        "
  },
  {
    "name": "KPN Lik\u00f6\u00f6rvein LHERAUD Pineau 750ml",
    "price": "12,99 \u20ac",
    "price/unit": "(17,32 \u20ac / l)\r\n        "
  },
  {
    "name": "Tequila EL TORO Gold 38% 700ml",
    "price": "14,99 \u20ac",
    "price/unit": "(21,41 \u20ac / l)\r\n        "
  },
  {
    "name": "KGT vein J.P.CHENET c/syrah 750ml",
    "price": "5,19 \u20ac",
    "price/unit": "(6,92 \u20ac / l)\r\n        "
  },
  {
    "name": "KPN vein TORRES SANGRE DE TORO 750ml",
    "price": "7,49 \u20ac",
    "price/unit": "(9,99 \u20ac / l)\r\n        "
  },
  {
    "name": "KGT pun.vein B&G Cabernet Sauvignon750ml",
    "price": "7,79 \u20ac",
    "price/unit": "(10,39 \u20ac / l)\r\n        "
  },
  {
    "name": "KP vein B&G Rose D'AnjouGroll.-Gam.750ml",
    "price": "7,99 \u20ac",
    "price/unit": "(10,65 \u20ac / l)\r\n        "
  },
  {
    "name": "GT vein FRONTERA Cab.Sauv. 750ml",
    "price": "4,99 \u20ac",
    "price/unit": "(6,65 \u20ac / l)\r\n        "
  },
  {
    "name": "KPN-kv.vein MALESAN Bordeaux Rouge 750ml",
    "price": "8,99 \u20ac",
    "price/unit": "(11,99 \u20ac / l)\r\n        "
  },
  {
    "name": "KGT vein MALESAN VDP Cab.Sauvign.750ml",
    "price": "6,89 \u20ac",
    "price/unit": "(9,19 \u20ac / l)\r\n        "
  },
  {
    "name": "KPN vein CAMPO VIEJO Reserva 750ml",
    "price": "11,49 \u20ac",
    "price/unit": "(15,32 \u20ac / l)\r\n        "
  },
  {
    "name": "KPN-vein punane PICCINI Chianti 750ml",
    "price": "7,49 \u20ac",
    "price/unit": "(9,99 \u20ac / l)\r\n        "
  },
  {
    "name": "KPN vein M. de MURVIEDRO Crianza 750ml",
    "price": "7,99 \u20ac",
    "price/unit": "(10,65 \u20ac / l)\r\n        "
  },
  {
    "name": "GT kuiv vein ANDES CabernetSauvig. 750ml",
    "price": "3,99 \u20ac",
    "price/unit": "(5,32 \u20ac / l)\r\n        "
  },
  {
    "name": "GT kuiv vein ANDES Merlot 750ml",
    "price": "3,99 \u20ac",
    "price/unit": "(5,32 \u20ac / l)\r\n        "
  },
  {
    "name": "KGT vein DREAMER  roosa 750ml",
    "price": "4,99 \u20ac",
    "price/unit": "(6,65 \u20ac / l)\r\n        "
  },
  {
    "name": "KGT vein TONINO rosso 750ml",
    "price": "6,49 \u20ac",
    "price/unit": "(8,65 \u20ac / l)\r\n        "
  },
  {
    "name": "GT poolmag. Vein KINDZMARAULI 750ml",
    "price": "7,99 \u20ac",
    "price/unit": "(10,65 \u20ac / l)\r\n        "
  },
  {
    "name": "GT vein punane ALAZNIS VALLEY 750ml",
    "price": "4,89 \u20ac",
    "price/unit": "(6,52 \u20ac / l)\r\n        "
  },
  {
    "name": "GT vein punane TBILVINO Pirosmani 750ml",
    "price": "4,89 \u20ac",
    "price/unit": "(6,52 \u20ac / l)\r\n        "
  },
  {
    "name": "GT vein TBILVINO Saperavi 750ml",
    "price": "5,99 \u20ac",
    "price/unit": "(7,99 \u20ac / l)\r\n        "
  },
  {
    "name": "GT vein FARNESE FANTINI Sangiov.750ml",
    "price": "7,69 \u20ac",
    "price/unit": "(10,25 \u20ac / l)\r\n        "
  },
  {
    "name": "GT vein K\u00c4FER Chile Cabern.Sauvig.750ml",
    "price": "4,99 \u20ac",
    "price/unit": "(6,65 \u20ac / l)\r\n        "
  },
  {
    "name": "KPN vein GRAN CASTILLO Shiraz 750ml",
    "price": "5,49 \u20ac",
    "price/unit": "(7,32 \u20ac / l)\r\n        "
  },
  {
    "name": "GT p.v. ANDES Cabernet Sauvignon 3L,BIB",
    "price": "10,99 \u20ac",
    "price/unit": "(3,66 \u20ac / l)\r\n        "
  },
  {
    "name": "GT vein YELLOW TAIL Cab. Sauv. 750ml",
    "price": "8,49 \u20ac",
    "price/unit": "(11,32 \u20ac / l)\r\n        "
  },
  {
    "name": "Puuv.ja mar. veinP\u00d5LTSAMAA T\u00f5mmu14%500ml",
    "price": "3,79 \u20ac",
    "price/unit": "(7,58 \u20ac / l)\r\n        "
  },
  {
    "name": "Robertson Nat.Sweet Rose75cl 7.5%",
    "price": "6,49 \u20ac",
    "price/unit": "(8,65 \u20ac / l)\r\n        "
  },
  {
    "name": "KPN vein PIERRE BREVIN Rose d'Anjou750ml",
    "price": "6,49 \u20ac",
    "price/unit": "(8,65 \u20ac / l)\r\n        "
  },
  {
    "name": "GT vein ALAZANI Iveriuli punane 750ml",
    "price": "6,69 \u20ac",
    "price/unit": "(8,92 \u20ac / l)\r\n        "
  },
  {
    "name": "KGT vein DREAMER Late Harvest Rose 3L",
    "price": "17,49 \u20ac",
    "price/unit": "(5,83 \u20ac / l)\r\n        "
  },
  {
    "name": "Vein punane PICCINI Memoro Ros.750ml",
    "price": "7,99 \u20ac",
    "price/unit": "(10,65 \u20ac / l)\r\n        "
  },
  {
    "name": "Vein BLUE NUN Medium punane 750ml",
    "price": "5,99 \u20ac",
    "price/unit": "(7,99 \u20ac / l)\r\n        "
  },
  {
    "name": "Lauavein PIACERE kuiv punane 1L",
    "price": "3,49 \u20ac",
    "price/unit": "(3,49 \u20ac / l)\r\n        "
  },
  {
    "name": "Vein CASTILLO DE MUREVA kuiv, punane 1L",
    "price": "3,09 \u20ac",
    "price/unit": "(3,09 \u20ac / l)\r\n        "
  },
  {
    "name": "Vein SUPERSOL punane 1L",
    "price": "3,79 \u20ac",
    "price/unit": "(3,79 \u20ac / l)\r\n        "
  },
  {
    "name": "Vein TOMMASI Graticcio Appassion.750ml",
    "price": "8,99 \u20ac",
    "price/unit": "(11,99 \u20ac / l)\r\n        "
  },
  {
    "name": "KGT p.v. LES SENSIBLES Syrah 750ml",
    "price": "4,99 \u20ac",
    "price/unit": "(6,65 \u20ac / l)\r\n        "
  },
  {
    "name": "Vein LES MIROIRS Charlemagne kuiv 750ml",
    "price": "5,49 \u20ac",
    "price/unit": "(7,32 \u20ac / l)\r\n        "
  },
  {
    "name": "Vein punane poolmagus D'OR Muscat 750ml",
    "price": "3,99 \u20ac",
    "price/unit": "(5,32 \u20ac / l)\r\n        "
  },
  {
    "name": "Vein roosa poolmagus D'OR Muscat 750ml",
    "price": "3,99 \u20ac",
    "price/unit": "(5,32 \u20ac / l)\r\n        "
  },
  {
    "name": "GT vein TERRA ANDINA Merlot 750ml",
    "price": "6,29 \u20ac",
    "price/unit": "(8,39 \u20ac / l)\r\n        "
  },
  {
    "name": "KPN vein R.C. Bordeaux Rouge 750ml",
    "price": "5,29 \u20ac",
    "price/unit": "(7,05 \u20ac / l)\r\n        "
  },
  {
    "name": "KGT vein GRAND S\u00dcD Cabernet 1L",
    "price": "6,29 \u20ac",
    "price/unit": "(6,29 \u20ac / l)\r\n        "
  },
  {
    "name": "KPN kuiv vein BAJOZ Tempranillo 750ml",
    "price": "5,99 \u20ac",
    "price/unit": "(7,99 \u20ac / l)\r\n        "
  },
  {
    "name": "Vein SECRET ARISTOCRATA Merlot 750ml",
    "price": "4,99 \u20ac",
    "price/unit": "(6,65 \u20ac / l)\r\n        "
  },
  {
    "name": "GT punane vein OLD GRUZIA Alaverdi 750ml",
    "price": "7,69 \u20ac",
    "price/unit": "(10,25 \u20ac / l)\r\n        "
  },
  {
    "name": "Vein C.DE MUREVA punane poolmagus 1L",
    "price": "3,99 \u20ac",
    "price/unit": "(3,99 \u20ac / l)\r\n        "
  },
  {
    "name": "GT vein DIDEBULI Kindzmaruli 750ml",
    "price": "9,69 \u20ac",
    "price/unit": "(12,92 \u20ac / l)\r\n        "
  },
  {
    "name": "Pun.vein K\u00c4FER South Africa Pinotage75cl",
    "price": "4,79 \u20ac",
    "price/unit": "(6,39 \u20ac / l)\r\n        "
  },
  {
    "name": "KGT vein DREAMER L.Harvest Shiraz 750ml",
    "price": "4,99 \u20ac",
    "price/unit": "(6,65 \u20ac / l)\r\n        "
  },
  {
    "name": "Vein LA COMIDA punane kuiv 3L",
    "price": "11,99 \u20ac",
    "price/unit": "(4,00 \u20ac / l)\r\n        "
  },
  {
    "name": "Vein PARIS SEDUCTION magus punane 750ml",
    "price": "3,99 \u20ac",
    "price/unit": "(5,32 \u20ac / l)\r\n        "
  },
  {
    "name": "KPN-kv.vahuvein MARTINI ASTI 750ml",
    "price": "6,69 \u20ac",
    "price/unit": "(8,92 \u20ac / l)\r\n        "
  },
  {
    "name": "KP-kv vahuv.MOET Brut Imperial 750ml+box",
    "price": "35,99 \u20ac",
    "price/unit": "(47,99 \u20ac / l)\r\n        "
  },
  {
    "name": "Vahuvein T\u00d6RLEY TALISMAN 750ml",
    "price": "5,49 \u20ac",
    "price/unit": "(7,32 \u20ac / l)\r\n        "
  },
  {
    "name": "Vahuvein T\u00d6RLEY Muscateller 750ml",
    "price": "5,39 \u20ac",
    "price/unit": "(7,19 \u20ac / l)\r\n        "
  },
  {
    "name": "Vahuvein T\u00d6RLEY CHARMANT 750ml",
    "price": "5,39 \u20ac",
    "price/unit": "(7,19 \u20ac / l)\r\n        "
  },
  {
    "name": "Vahuv. ITALIANA Prestige poolkuiv 750ml",
    "price": "4,79 \u20ac",
    "price/unit": "(6,39 \u20ac / l)\r\n        "
  },
  {
    "name": "Vahuvein ITALIANA Prestige kuiv 750ml",
    "price": "4,79 \u20ac",
    "price/unit": "(6,39 \u20ac / l)\r\n        "
  },
  {
    "name": "Vahuvein ALITA Muscat Sweet 11% 750ml",
    "price": "4,29 \u20ac",
    "price/unit": "(5,72 \u20ac / l)\r\n        "
  },
  {
    "name": "Arom.veinijook BOSCA Anniver.Gold 750ml",
    "price": "5,69 \u20ac",
    "price/unit": "(7,59 \u20ac / l)\r\n        "
  },
  {
    "name": "Vahuvein T\u00d6RLEY Charmant Rose11,5% 750ml",
    "price": "5,39 \u20ac",
    "price/unit": "(7,19 \u20ac / l)\r\n        "
  },
  {
    "name": "Vahuvein PRINCE HENRY  Demi-Sec 11% 75cl",
    "price": "5,49 \u20ac",
    "price/unit": "(7,32 \u20ac / l)\r\n        "
  },
  {
    "name": "KPN Vahuvein  MARTINI Prosecco 750ml",
    "price": "6,69 \u20ac",
    "price/unit": "(8,92 \u20ac / l)\r\n        "
  },
  {
    "name": "KPN vahuvein ZONIN Prosecco Cuvee 750ml",
    "price": "9,49 \u20ac",
    "price/unit": "(12,65 \u20ac / l)\r\n        "
  },
  {
    "name": "KPN kv.vahuvein LE COLLINE Asti 750ml",
    "price": "4,99 \u20ac",
    "price/unit": "(6,65 \u20ac / l)\r\n        "
  },
  {
    "name": "Vahuvein NUA Brut, 750ml",
    "price": "5,69 \u20ac",
    "price/unit": "(7,59 \u20ac / l)\r\n        "
  },
  {
    "name": "KPN kuiv vahuvein NUA Prosecco, 750ml",
    "price": "6,29 \u20ac",
    "price/unit": "(8,39 \u20ac / l)\r\n        "
  },
  {
    "name": "Vahuvein SOVETSKOJE Zolotoje 750ml",
    "price": "3,49 \u20ac",
    "price/unit": "(4,65 \u20ac / l)\r\n        "
  },
  {
    "name": "KPN kv.vahuvein C.MONTAINE Brut 750ml",
    "price": "18,99 \u20ac",
    "price/unit": "(25,32 \u20ac / l)\r\n        "
  },
  {
    "name": "KPN vahuvein Prosecco MIONETTO Brut750ml",
    "price": "6,69 \u20ac",
    "price/unit": "(8,92 \u20ac / l)\r\n        "
  },
  {
    "name": "Vahuvein HENKELL kuiv 750ml",
    "price": "6,49 \u20ac",
    "price/unit": "(8,65 \u20ac / l)\r\n        "
  },
  {
    "name": "Puuviljavahuvein COSMOPOLITAN 750ml",
    "price": "4,69 \u20ac",
    "price/unit": "(6,25 \u20ac / l)\r\n        "
  },
  {
    "name": "Vahuvein SOVETSKOE IGRISTOE p.kuiv 750ml",
    "price": " + 0,10 \u20ac pant",
    "price/unit": "(6,39 \u20ac / l)\r\n        "
  },
  {
    "name": "Puuviljavahuvein C. DIVA Melon 750ml",
    "price": "4,79 \u20ac",
    "price/unit": "(7,32 \u20ac / l)\r\n        "
  },
  {
    "name": "KPN vahuvein LA MARENCA Asti 750ml",
    "price": "5,49 \u20ac",
    "price/unit": "(9,32 \u20ac / l)\r\n        "
  },
  {
    "name": "M.alk.jook SFF LD Grapefruit 5.5%330ml",
    "price": "1,09 \u20ac",
    "price/unit": "(3,30 \u20ac / l)\r\n        "
  },
  {
    "name": "M.alk.jook SFF LD Cranberry5.5%330ml",
    "price": " + 0,10 \u20ac pant",
    "price/unit": "(3,00 \u20ac / l)\r\n        "
  },
  {
    "name": "Alk.jook BACARDI BREEZER Waterm.4%275ml",
    "price": "0,99 \u20ac",
    "price/unit": "(6,36 \u20ac / l)\r\n        "
  },
  {
    "name": "M.alk.jook A.LeCoq G:N 5.6%0.5l pet",
    "price": " + 0,10 \u20ac pant",
    "price/unit": "(2,50 \u20ac / l)\r\n        "
  },
  {
    "name": "Alk.jook A.Le Coq LongDrink 1.5L",
    "price": "1,75 \u20ac",
    "price/unit": "(1,99 \u20ac / l)\r\n        "
  },
  {
    "name": "M.alk.jook A.LeCoq G:N Mohhiito1.5L",
    "price": " + 0,10 \u20ac pant",
    "price/unit": "(1,99 \u20ac / l)\r\n        "
  },
  {
    "name": "M.alk.jook G:N Grapefruit 5.5% 500ml",
    "price": "1,25 \u20ac",
    "price/unit": "(2,58 \u20ac / l)\r\n        "
  },
  {
    "name": "M.alk.jook HARTWALL Long Drink5.5%330ml",
    "price": " + 0,10 \u20ac pant",
    "price/unit": "(4,52 \u20ac / l)\r\n        "
  },
  {
    "name": "M.alk.jook HARTWALL STRONG LD7.5%330ml",
    "price": "2,99 \u20ac",
    "price/unit": "(4,82 \u20ac / l)\r\n        "
  },
  {
    "name": "M.alk.jook A.Le Coq G:N 330ml",
    "price": " + 0,10 \u20ac pant",
    "price/unit": "(3,18 \u20ac / l)\r\n        "
  },
  {
    "name": "M.al.jook A.LE COQ Cub.Lib.4.7%330ml,pdl",
    "price": "2,99 \u20ac",
    "price/unit": "(3,91 \u20ac / l)\r\n        "
  },
  {
    "name": "M.alk.jook A.LE COQ Mojito4.7% 330ml,pdl",
    "price": " + 0,10 \u20ac pant",
    "price/unit": "(3,91 \u20ac / l)\r\n        "
  },
  {
    "name": "M.alk.j.SINEBRYCHOFF CRANBERRY 5,5% 0,5l",
    "price": "1,29 \u20ac",
    "price/unit": "(3,70 \u20ac / l)\r\n        "
  },
  {
    "name": "Alk.jook  Margarita 4,7% 330ml",
    "price": " + 0,10 \u20ac pant",
    "price/unit": "(3,91 \u20ac / l)\r\n        "
  },
  {
    "name": "M.alk.jook GIN Watermelon 5,5% 0,5 L",
    "price": "1,49 \u20ac",
    "price/unit": "(3,50 \u20ac / l)\r\n        "
  },
  {
    "name": "Alk.jook HARTWALL Long Drink 5,5% 440m",
    "price": " + 0,10 \u20ac pant",
    "price/unit": "(3,84 \u20ac / l)\r\n        "
  },
  {
    "name": "Alk.jook ALeCoq Sexonthebeach 4,7% 330ml",
    "price": "1,59 \u20ac",
    "price/unit": "(3,91 \u20ac / l)\r\n        "
  },
  {
    "name": "Muu alk.j. TANHEISER meega  5.5% 500ml",
    "price": "1,05 \u20ac",
    "price/unit": "(4,98 \u20ac / l)\r\n        "
  },
  {
    "name": "Muu alk.j. TANHEISER ingver 5.7% 500ml",
    "price": " + 0,10 \u20ac pant",
    "price/unit": "(5,90 \u20ac / l)\r\n        "
  },
  {
    "name": "Muu alk.j.TANHEISER m.s\u00f5star 5.5% 500ml",
    "price": "1,29 \u20ac",
    "price/unit": "(5,90 \u20ac / l)\r\n        "
  },
  {
    "name": "Muu alk.j. SINEBRYCHOFF Lime 5,5% 0,5L",
    "price": " + 0,10 \u20ac pant",
    "price/unit": "(3,70 \u20ac / l)\r\n        "
  },
  {
    "name": "H\u00f5\u00f5gvein VANA TALLINN 700ml",
    "price": "6,49 \u20ac",
    "price/unit": "(9,27 \u20ac / l)\r\n        "
  },
  {
    "name": "Saksamaa h\u00f5\u00f5gvein WINTER SONNE 1L",
    "price": "3,99 \u20ac",
    "price/unit": "(3,99 \u20ac / l)\r\n        "
  },
  {
    "name": "Leibjuust Hollandi viil. SAARE, 150g",
    "price": "1,55 \u20ac",
    "price/unit": "(10,33 \u20ac / kg)\r\n        "
  },
  {
    "name": "Juust Vene viilutatud ESTOVER, 150g",
    "price": "1,56 \u20ac",
    "price/unit": "(10,40 \u20ac / kg)\r\n        "
  },
  {
    "name": "Viilutatud juust EESTI 200g",
    "price": "1,95 \u20ac",
    "price/unit": "(9,75 \u20ac / kg)\r\n        "
  },
  {
    "name": "Juust Hiirte viilutatud 200g Eesti",
    "price": "1,99 \u20ac",
    "price/unit": "(9,95 \u20ac / kg)\r\n        "
  },
  {
    "name": "Leibjuust Hollandi viil. ESTOVER 150g",
    "price": "1,56 \u20ac",
    "price/unit": "(10,40 \u20ac / kg)\r\n        "
  },
  {
    "name": "Juust ATLEET Originaal, 350g",
    "price": "3,09 \u20ac",
    "price/unit": "(8,83 \u20ac / kg)\r\n        "
  },
  {
    "name": "Juustu Sn\u00e4kk FARMI 200g",
    "price": "2,05 \u20ac",
    "price/unit": "(10,25 \u20ac / kg)\r\n        "
  },
  {
    "name": "Juust ATLEET Originaal viil., 150g",
    "price": "1,55 \u20ac",
    "price/unit": "(10,33 \u20ac / kg)\r\n        "
  },
  {
    "name": "Eesti Juust Light viil 200g",
    "price": "1,95 \u20ac",
    "price/unit": "(9,75 \u20ac / kg)\r\n        "
  },
  {
    "name": "Eesti juust 350g",
    "price": "2,99 \u20ac",
    "price/unit": "(8,54 \u20ac / kg)\r\n        "
  },
  {
    "name": "Juustu \u00fcrdisn\u00e4kk FARMI, 200g",
    "price": "2,19 \u20ac",
    "price/unit": "(10,95 \u20ac / kg)\r\n        "
  },
  {
    "name": "Juust SAARE Leet viil., 150g",
    "price": "1,39 \u20ac",
    "price/unit": "(9,27 \u20ac / kg)\r\n        "
  },
  {
    "name": "Juust kadaka k\u00fc\u00fcsl. viil. SAARE, 150g",
    "price": "1,65 \u20ac",
    "price/unit": "(11,00 \u20ac / kg)\r\n        "
  },
  {
    "name": "Juust Eesti Valio viil., 150g",
    "price": "1,39 \u20ac",
    "price/unit": "(9,27 \u20ac / kg)\r\n        "
  },
  {
    "name": "Kvaliteet. Havarti-t\u00fc\u00fcpi juust Valio200g",
    "price": "1,59 \u20ac",
    "price/unit": "(7,95 \u20ac / kg)\r\n        "
  },
  {
    "name": "Juust Hiirte viil,. 500g",
    "price": "3,99 \u20ac",
    "price/unit": "(7,98 \u20ac / kg)\r\n        "
  },
  {
    "name": "Leibjuust Hollandi viil. ESTOVER, 500g",
    "price": "4,05 \u20ac",
    "price/unit": "(8,10 \u20ac / kg)\r\n        "
  },
  {
    "name": "K\u00f6\u00f6mnejuust Karla FARMI, kg",
    "price": "8,49 \u20ac",
    "price/unit": "(8,49 \u20ac / kg)\r\n        "
  },
  {
    "name": "Juust EESTI viilutatud, 500g",
    "price": "4,29 \u20ac",
    "price/unit": "(8,58 \u20ac / kg)\r\n        "
  },
  {
    "name": "Juust Eesti P\u00f5ltsamaa viil.500g",
    "price": "3,89 \u20ac",
    "price/unit": "(7,78 \u20ac / kg)\r\n        "
  },
  {
    "name": "Kvaliteetne Edam-t\u00fc\u00fcpi juust Valio 200g",
    "price": "1,55 \u20ac",
    "price/unit": "(7,75 \u20ac / kg)\r\n        "
  },
  {
    "name": "Pizzariiv Synnove, 200g",
    "price": "1,39 \u20ac",
    "price/unit": "(6,95 \u20ac / kg)\r\n        "
  },
  {
    "name": "Juust Havarti, 300g viil",
    "price": "2,49 \u20ac",
    "price/unit": "(8,30 \u20ac / kg)\r\n        "
  },
  {
    "name": "Kitsejuust viilutatud, 100g",
    "price": "1,89 \u20ac",
    "price/unit": "(18,90 \u20ac / kg)\r\n        "
  },
  {
    "name": "Riivjuust Eesti mix E-piim, 250g",
    "price": "1,69 \u20ac",
    "price/unit": "(6,76 \u20ac / kg)\r\n        "
  },
  {
    "name": "Riivjuust Saaremaa 200g",
    "price": "1,39 \u20ac",
    "price/unit": "(6,95 \u20ac / kg)\r\n        "
  },
  {
    "name": "Juust Tilzit Mlekovita viil., 150g",
    "price": "1,29 \u20ac",
    "price/unit": "(8,60 \u20ac / kg)\r\n        "
  },
  {
    "name": "Juust Kuninga Gouda VALIO \u00fcldm., 300g",
    "price": "2,69 \u20ac",
    "price/unit": "(8,97 \u20ac / kg)\r\n        "
  },
  {
    "name": "Juust Pippiro pipraga VILKY\u0160KI\u0172,kg",
    "price": "11,99 \u20ac",
    "price/unit": "(11,99 \u20ac / kg)\r\n        "
  },
  {
    "name": "Juust Basilis basiilik. VILKY\u0160KI\u0172, kg",
    "price": "11,99 \u20ac",
    "price/unit": "(11,99 \u20ac / kg)\r\n        "
  },
  {
    "name": "Juust Jalatoris kuiv.tom. VILKY\u0160KI\u0172, kg",
    "price": "11,99 \u20ac",
    "price/unit": "(11,99 \u20ac / kg)\r\n        "
  },
  {
    "name": "Juust GOUDA Mlekovita viil., 150g",
    "price": "1,29 \u20ac",
    "price/unit": "(8,60 \u20ac / kg)\r\n        "
  },
  {
    "name": "Lambapiimajuust Manchego, kg",
    "price": "23,99 \u20ac",
    "price/unit": "(23,99 \u20ac / kg)\r\n        "
  },
  {
    "name": "Hollandi Leibjuust viil. Valio,500g",
    "price": "4,09 \u20ac",
    "price/unit": "(8,18 \u20ac / kg)\r\n        "
  },
  {
    "name": "Vene juust ESTOVER, 200g",
    "price": "1,99 \u20ac",
    "price/unit": "(9,95 \u20ac / kg)\r\n        "
  },
  {
    "name": "Juust Wensleydale mango-apelsini,kg",
    "price": "15,89 \u20ac",
    "price/unit": "(15,89 \u20ac / kg)\r\n        "
  },
  {
    "name": "Juust Saaremaa Edam viil, 500g",
    "price": "3,79 \u20ac",
    "price/unit": "(7,58 \u20ac / kg)\r\n        "
  },
  {
    "name": "Juust Atleet Originaal viil., 500g",
    "price": "2,19 \u20ac",
    "price/unit": "(4,38 \u20ac / kg)\r\n        "
  },
  {
    "name": "Juust Valio Eesti viil., 500g",
    "price": "2,19 \u20ac",
    "price/unit": "(4,38 \u20ac / kg)\r\n        "
  },
  {
    "name": "Juust Gouda 500g viil",
    "price": "3,29 \u20ac",
    "price/unit": "(6,58 \u20ac / kg)\r\n        "
  },
  {
    "name": "Juust Edam Mlekovita viil 500g",
    "price": "3,59 \u20ac",
    "price/unit": "(7,18 \u20ac / kg)\r\n        "
  },
  {
    "name": "Vene juust viil. E-piim, 500g",
    "price": "3,59 \u20ac",
    "price/unit": "(7,18 \u20ac / kg)\r\n        "
  },
  {
    "name": "Juust Maasdam, kg",
    "price": "8,99 \u20ac",
    "price/unit": "(8,99 \u20ac / kg)\r\n        "
  },
  {
    "name": "Juust Juku v\u00e4herasvane SAARE, 300g",
    "price": "2,35 \u20ac",
    "price/unit": "(7,83 \u20ac / kg)\r\n        "
  },
  {
    "name": "Kuldne viilutatud juust ATLEET, 500g",
    "price": "4,49 \u20ac",
    "price/unit": "(8,98 \u20ac / kg)\r\n        "
  },
  {
    "name": "Riivjuust pastale Atleet, 200g",
    "price": "1,79 \u20ac",
    "price/unit": "(8,95 \u20ac / kg)\r\n        "
  },
  {
    "name": "Riivjuust k\u00fcpsetistele Atleet, 200g",
    "price": "1,79 \u20ac",
    "price/unit": "(8,95 \u20ac / kg)\r\n        "
  },
  {
    "name": "Kitsepiimajuust President, 100g",
    "price": "2,55 \u20ac",
    "price/unit": "(25,50 \u20ac / kg)\r\n        "
  },
  {
    "name": "Juust Maasdam Maestro, kg",
    "price": "6,99 \u20ac",
    "price/unit": "(6,99 \u20ac / kg)\r\n        "
  },
  {
    "name": "Ekstra juust SAAREMAA, 300g",
    "price": "3,39 \u20ac",
    "price/unit": "(11,30 \u20ac / kg)\r\n        "
  },
  {
    "name": "Hele \u00f5lu BUDWEISER Budvar 5% 500ml",
    "price": "1,65 \u20ac",
    "price/unit": "(3,30 \u20ac / l)\r\n        "
  },
  {
    "name": "Tume \u00f5lu GUINNESS Draught 4.2% 440ml,prk",
    "price": " + 0,10 \u20ac pant",
    "price/unit": "(5,34 \u20ac / l)\r\n        "
  },
  {
    "name": "Hele \u00f5lu BECK`S 5% 330ml pdl",
    "price": "2,35 \u20ac",
    "price/unit": "(3,30 \u20ac / l)\r\n        "
  },
  {
    "name": "Hele \u00f5lu CARLSBERG5% 500ml",
    "price": "1,09 \u20ac",
    "price/unit": "(2,90 \u20ac / l)\r\n        "
  },
  {
    "name": "Tume \u00f5lu T\u00d5MMU HIID 4,7% 500ml",
    "price": " + 0,10 \u20ac pant",
    "price/unit": "(2,90 \u20ac / l)\r\n        "
  },
  {
    "name": "Hele \u00f5lu PREMIUM 4.7% 500ml A.Le Coq",
    "price": "1,45 \u20ac",
    "price/unit": "(2,18 \u20ac / l)\r\n        "
  },
  {
    "name": "Hele \u00f5lu SAKU ROCK 5,3% 500ml PDL",
    "price": " + 0,10 \u20ac pant",
    "price/unit": "(2,78 \u20ac / l)\r\n        "
  },
  {
    "name": "Tume \u00f5lu Leffe Bruin 6,5% 330ml",
    "price": "1,45 \u20ac",
    "price/unit": "(4,82 \u20ac / l)\r\n        "
  },
  {
    "name": "Hele \u00f5lu Leffe Blonde 6,6% 330ml",
    "price": " + 0,10 \u20ac pant",
    "price/unit": "(4,52 \u20ac / l)\r\n        "
  },
  {
    "name": "Nisu\u00f5lu VALENTINS Weiss.5.3% 500ml, prk",
    "price": "1,09 \u20ac",
    "price/unit": "(1,98 \u20ac / l)\r\n        "
  },
  {
    "name": "Hele \u00f5lu PILSNER A.Le Coq 4,2% 500ml",
    "price": " + 0,10 \u20ac pant",
    "price/unit": "(2,38 \u20ac / l)\r\n        "
  },
  {
    "name": "Hele \u00f5lu ALEXANDER 5.2% 500ml",
    "price": "1,39 \u20ac",
    "price/unit": "(2,78 \u20ac / l)\r\n        "
  },
  {
    "name": "Tume \u00f5lu PORTER A.Le Coq 6.5% 500ml",
    "price": " + 0,10 \u20ac pant",
    "price/unit": "(3,50 \u20ac / l)\r\n        "
  },
  {
    "name": "Hele \u00f5lu DISEL A.Le Coq 5.2% 2L",
    "price": "1,59 \u20ac",
    "price/unit": "(2,00 \u20ac / l)\r\n        "
  },
  {
    "name": "Hele \u00f5lu PREMIUM A.Le Coq 4.7% 500ml",
    "price": " + 0,10 \u20ac pant",
    "price/unit": "(2,50 \u20ac / l)\r\n        "
  },
  {
    "name": "Hele \u00f5lu SAKU Kuld 5,2% 500ml prk",
    "price": "1,49 \u20ac",
    "price/unit": "(3,30 \u20ac / l)\r\n        "
  },
  {
    "name": "H.\u00f5lu A.Le Coq Premium 4.7% 0.5lx6tk,prk",
    "price": " + 0,10 \u20ac pant",
    "price/unit": "(2,76 \u20ac / l)\r\n        "
  },
  {
    "name": "Hele \u00f5lu A.Le Coq Special 5,2% 500ml",
    "price": "0,99 \u20ac",
    "price/unit": "(2,30 \u20ac / l)\r\n        "
  },
  {
    "name": "Tume \u00f5lu PULS Lager 5%, 500ml",
    "price": " + 0,10 \u20ac pant",
    "price/unit": "(2,70 \u20ac / l)\r\n        "
  },
  {
    "name": "Tume \u00f5lu PULS Kirsi\u00f5lu  4,6%, 500ml",
    "price": "1,19 \u20ac",
    "price/unit": "(2,70 \u20ac / l)\r\n        "
  },
  {
    "name": "Hele \u00f5lu WARSTEINER Premium4.8%500ml",
    "price": " + 0,10 \u20ac pant",
    "price/unit": "(3,18 \u20ac / l)\r\n        "
  },
  {
    "name": "Hele \u00f5lu PULS Extra Lager 5% 500ml",
    "price": "1,39 \u20ac",
    "price/unit": "(2,58 \u20ac / l)\r\n        "
  },
  {
    "name": "Hele \u00f5lu PAULANER Orig.M\u00fcnchner 4.9%500",
    "price": " + 0,10 \u20ac pant",
    "price/unit": "(3,78 \u20ac / l)\r\n        "
  },
  {
    "name": "Nisu\u00f5lu PAULANER Weisbier 5.5% 500ml",
    "price": "1,75 \u20ac",
    "price/unit": "(3,90 \u20ac / l)\r\n        "
  },
  {
    "name": "Tume \u00f5lu PAULANER Hefe Dunkel 5.3% 500ml",
    "price": " + 0,10 \u20ac pant",
    "price/unit": "(3,78 \u20ac / l)\r\n        "
  },
  {
    "name": "Hele \u00f5lu GERMANIA Pilsner 4.8% 500ml",
    "price": "3,99 \u20ac",
    "price/unit": "(1,98 \u20ac / l)\r\n        "
  },
  {
    "name": "Hele \u00f5lu APOSTEL BR\u00c4U 5% 500ml, prk",
    "price": " + 0,10 \u20ac pant",
    "price/unit": "(1,98 \u20ac / l)\r\n        "
  },
  {
    "name": "Hele \u00f5lu BUDWEISER Budvar 5% 500ml",
    "price": "1,25 \u20ac",
    "price/unit": "(3,18 \u20ac / l)\r\n        "
  },
  {
    "name": "Hele \u00f5lu ALEXANDER 5.2% 568ml, prk",
    "price": " + 0,10 \u20ac pant",
    "price/unit": "(2,62 \u20ac / l)\r\n        "
  },
  {
    "name": "Hele \u00f5lu STAR\u00d5J MELNIK 4.3% pehme 500ml",
    "price": "1,65 \u20ac",
    "price/unit": "(3,10 \u20ac / l)\r\n        "
  },
  {
    "name": "Hele \u00f5lu Pilsner Urquell 4.4% 330ml",
    "price": " + 0,10 \u20ac pant",
    "price/unit": "(3,30 \u20ac / l)\r\n        "
  },
  {
    "name": "Tume \u00f5lu SAKU PORTER 6.9% 500ml",
    "price": "8,29 \u20ac",
    "price/unit": "(3,18 \u20ac / l)\r\n        "
  },
  {
    "name": "Hele \u00f5lu SAKU Rock 5.3% 0.568l, prk",
    "price": " + 0,10 \u20ac * 6 pant",
    "price/unit": "(2,62 \u20ac / l)\r\n        "
  },
  {
    "name": "Hele \u00f5lu Tuborg Green 4.6% 0.33L pudel",
    "price": "1,15 \u20ac",
    "price/unit": "(3,48 \u20ac / l)\r\n        "
  },
  {
    "name": "Hele \u00f5lu EICHBAUM Pilsener 4,8%500ml",
    "price": " + 0,10 \u20ac pant",
    "price/unit": "(1,98 \u20ac / l)\r\n        "
  },
  {
    "name": "Hele \u00f5lu CORONA Extra 4.5% 355ml",
    "price": "1,35 \u20ac",
    "price/unit": "(3,92 \u20ac / l)\r\n        "
  },
  {
    "name": "Tume \u00f5lu SAKU Dublin 4.2% 500ml",
    "price": " + 0,10 \u20ac pant",
    "price/unit": "(2,98 \u20ac / l)\r\n        "
  },
  {
    "name": "Hele \u00f5lu \u017dIGULI Barnoje 4.9% 500ml,pdl",
    "price": "1,35 \u20ac",
    "price/unit": "(2,98 \u20ac / l)\r\n        "
  },
  {
    "name": "Punane \u00f5lu SAKU Manchester 4.2% 500ml, p",
    "price": " + 0,10 \u20ac pant",
    "price/unit": "(2,90 \u20ac / l)\r\n        "
  },
  {
    "name": "Tume nisu\u00f5lu VALENTINS 5.3%500ml,prk",
    "price": "1,59 \u20ac",
    "price/unit": "(1,98 \u20ac / l)\r\n        "
  },
  {
    "name": "Hele \u00f5lu KARL FRIEDRICH 5% 500ml",
    "price": " + 0,10 \u20ac pant",
    "price/unit": "(2,58 \u20ac / l)\r\n        "
  },
  {
    "name": "Hele \u00f5lu KARKSI Eripruul 5%500ml",
    "price": "1,29 \u20ac",
    "price/unit": "(2,58 \u20ac / l)\r\n        "
  },
  {
    "name": "Hele \u00f5lu A.LE COQ Imperial Gold4.8%400ml",
    "price": " + 0,10 \u20ac pant",
    "price/unit": "(3,48 \u20ac / l)\r\n        "
  },
  {
    "name": "Hele \u00f5lu KARL FRIEDRICH 5% 568ml",
    "price": "1,89 \u20ac",
    "price/unit": "(2,62 \u20ac / l)\r\n        "
  },
  {
    "name": "Hele \u00f5lu KARL FRIEDRICH 5% 6x 568ml",
    "price": " + 0,10 \u20ac pant",
    "price/unit": "(2,34 \u20ac / l)\r\n        "
  },
  {
    "name": "Tume \u00f5lu Guinness Original 33cl 5%",
    "price": "1,95 \u20ac",
    "price/unit": "(5,00 \u20ac / l)\r\n        "
  },
  {
    "name": "Hele \u00f5lu KAPTEN Pilsner 4,2%500ml",
    "price": " + 0,10 \u20ac pant",
    "price/unit": "(1,58 \u20ac / l)\r\n        "
  },
  {
    "name": "Hele \u00f5lu A.LE COQ Ex.Ginger 4,5%0.33 pdl",
    "price": "1,89 \u20ac",
    "price/unit": "(3,18 \u20ac / l)\r\n        "
  },
  {
    "name": "Hele \u00f5lu SAAREMAA Tuulik 4.7% 500ml",
    "price": " + 0,10 \u20ac pant",
    "price/unit": "(2,90 \u20ac / l)\r\n        "
  },
  {
    "name": "Hele \u00f5lu El Mohnat\u00f5i Smel 5% 1.0l",
    "price": "0,99 \u20ac",
    "price/unit": "(2,95 \u20ac / l)\r\n        "
  },
  {
    "name": "Whisky TULLAMORE 40% 700ml",
    "price": "16,99 \u20ac",
    "price/unit": "(24,27 \u20ac / l)\r\n        "
  },
  {
    "name": "Whisky SCOTTISH LEADER 40% 500ml",
    "price": "14,99 \u20ac",
    "price/unit": "(29,98 \u20ac / l)\r\n        "
  },
  {
    "name": "Vahuvein T\u00d6RLEY Muscateller 750ml",
    "price": "5,39 \u20ac",
    "price/unit": "(7,19 \u20ac / l)\r\n        "
  },
  {
    "name": "GT poolmag. Vein KINDZMARAULI 750ml",
    "price": "7,99 \u20ac",
    "price/unit": "(10,65 \u20ac / l)\r\n        "
  },
  {
    "name": "Alk.jook BACARDI BREEZER Waterm.4%275ml",
    "price": "1,75 \u20ac",
    "price/unit": "(6,36 \u20ac / l)\r\n        "
  },
  {
    "name": "Lahustuv teraviljakohvijook INKA 150g",
    "price": "0,83 \u20ac",
    "price/unit": "(5,53 \u20ac / kg)\r\n        "
  },
  {
    "name": "Spordijook FAT Burner L-karn.3000 500ml",
    "price": "1,45 \u20ac",
    "price/unit": "(2,90 \u20ac / l)\r\n        "
  },
  {
    "name": "Vitamiinijook VITAMIN WELL Reload 500ml",
    "price": " + 0,10 \u20ac pant",
    "price/unit": "(3,58 \u20ac / l)\r\n        "
  },
  {
    "name": "Vitam.jook Vitamineral Power 750ml",
    "price": "1,79 \u20ac",
    "price/unit": "(1,27 \u20ac / l)\r\n        "
  },
  {
    "name": "Vitam.jook Vitamineral Mental 750ml",
    "price": " + 0,10 \u20ac pant",
    "price/unit": "(1,27 \u20ac / l)\r\n        "
  },
  {
    "name": "Vitam.jook Vitamineral Balance 0,75l",
    "price": "0,95 \u20ac",
    "price/unit": "(1,27 \u20ac / l)\r\n        "
  },
  {
    "name": "Lah.sigurikohv BABUSKIN HUTOROK 100g",
    "price": " + 0,10 \u20ac pant",
    "price/unit": "(10,90 \u20ac / kg)\r\n        "
  },
  {
    "name": "Vitam.jook VITAMIN WELL Antioxidant 0.5l",
    "price": "0,95 \u20ac",
    "price/unit": "(3,58 \u20ac / l)\r\n        "
  },
  {
    "name": "Jook VICHY Vitamin Daily 750 ml g-ta",
    "price": " + 0,10 \u20ac pant",
    "price/unit": "(1,27 \u20ac / l)\r\n        "
  },
  {
    "name": "Vitam.jook VITAMINERAL Wat.Well.0,75Lpet",
    "price": "0,95 \u20ac",
    "price/unit": "(1,27 \u20ac / l)\r\n        "
  },
  {
    "name": "Spordijook NOCCO Pirn 330ml",
    "price": " + 0,10 \u20ac pant",
    "price/unit": "(6,64 \u20ac / l)\r\n        "
  },
  {
    "name": "Spordijook NOCCO Punase marjadega 330ml",
    "price": "1,09 \u20ac",
    "price/unit": "(6,64 \u20ac / l)\r\n        "
  },
  {
    "name": "Spordijook NOCCO Tsitr.leedri\u00f5ie 330ml",
    "price": "1,79 \u20ac",
    "price/unit": "(6,64 \u20ac / l)\r\n        "
  },
  {
    "name": "Spordijook NOCCO Troopiline 330ml",
    "price": " + 0,10 \u20ac pant",
    "price/unit": "(6,64 \u20ac / l)\r\n        "
  },
  {
    "name": "Vahujook Autod (Disney) 750ml",
    "price": "2,54 \u20ac",
    "price/unit": "(3,39 \u20ac / l)\r\n        "
  },
  {
    "name": "Vahujook MIKI alk.vaba,750ml",
    "price": " + 0,10 \u20ac pant",
    "price/unit": "(3,39 \u20ac / l)\r\n        "
  },
  {
    "name": "Alk.vaba \u00f5lu WARSTEINER Fresh 330ml",
    "price": "2,54 \u20ac",
    "price/unit": "(2,58 \u20ac / l)\r\n        "
  },
  {
    "name": "Alkoholivaba gl\u00f6gg P\u00d5LTSAMAA 1L",
    "price": " + 0,10 \u20ac pant",
    "price/unit": "(1,05 \u20ac / l)\r\n        "
  },
  {
    "name": "Alkoholivaba \u00f5lu CLAUSTHALER 330ml",
    "price": "0,85 \u20ac",
    "price/unit": "(2,09 \u20ac / l)\r\n        "
  },
  {
    "name": "Alkoholivaba \u00f5lu CLAUSTHALER 500ml",
    "price": " + 0,10 \u20ac pant",
    "price/unit": "(1,50 \u20ac / l)\r\n        "
  },
  {
    "name": "Ingverijook ROCHESTER Ginger 725ml",
    "price": "1,05 \u20ac",
    "price/unit": "(10,00 \u20ac / l)\r\n        "
  },
  {
    "name": "Alk. vaba vahutav peojook lastele 750ml",
    "price": "0,69 \u20ac",
    "price/unit": "(2,25 \u20ac / l)\r\n        "
  },
  {
    "name": "Vahujook FROZEN alk.vaba,750ml",
    "price": " + 0,10 \u20ac pant",
    "price/unit": "(3,39 \u20ac / l)\r\n        "
  },
  {
    "name": "Alkoholivaba roosa vahuvein T\u00d6RLEY 750ml",
    "price": "0,75 \u20ac",
    "price/unit": "(5,72 \u20ac / l)\r\n        "
  },
  {
    "name": "Alk. Vaba \u00d5lu A. Le Coq Premium 0.5L prk",
    "price": " + 0,10 \u20ac pant",
    "price/unit": "(1,70 \u20ac / l)\r\n        "
  },
  {
    "name": "Alkoholivaba \u00f5lu CLAUSTHALER Sidrun0.33L",
    "price": "7,25 \u20ac",
    "price/unit": "(2,09 \u20ac / l)\r\n        "
  },
  {
    "name": "Alk-vaba \u00f5lu CLAUSTHALER Filtrimata0.33L",
    "price": " + 0,10 \u20ac pant",
    "price/unit": "(2,09 \u20ac / l)\r\n        "
  },
  {
    "name": "Hele \u00f5lu 0% BALTIKA alkoholi vaba 450ml",
    "price": "1,69 \u20ac",
    "price/unit": "(1,76 \u20ac / l)\r\n        "
  },
  {
    "name": "Alk.vaba \u00f5lu SAKU GO 0.5L, prk",
    "price": " + 0,10 \u20ac pant",
    "price/unit": "(1,70 \u20ac / l)\r\n        "
  },
  {
    "name": "Energiajook BATTERY 330ml",
    "price": "0,99 \u20ac",
    "price/unit": "(3,00 \u20ac / l)\r\n        "
  },
  {
    "name": "Energiajook HUSTLER 500ml",
    "price": " + 0,10 \u20ac pant",
    "price/unit": "(1,66 \u20ac / l)\r\n        "
  },
  {
    "name": "Energiajook RED BULL suhkruvaba 250ml",
    "price": "0,83 \u20ac",
    "price/unit": "(5,56 \u20ac / l)\r\n        "
  },
  {
    "name": "Energiajook RED BULL 250ml",
    "price": " + 0,10 \u20ac pant",
    "price/unit": "(5,40 \u20ac / l)\r\n        "
  },
  {
    "name": "Energiajook RED BULL 4x250ml",
    "price": "1,39 \u20ac",
    "price/unit": "(4,99 \u20ac / l)\r\n        "
  },
  {
    "name": "Energiajook DYNAMI :T, 500ml",
    "price": " + 0,10 \u20ac pant",
    "price/unit": "(1,30 \u20ac / l)\r\n        "
  },
  {
    "name": "Energiajook STARTER 500ml",
    "price": "1,35 \u20ac",
    "price/unit": "(1,78 \u20ac / l)\r\n        "
  },
  {
    "name": "Energiajook RED BULL 355ml",
    "price": " + 0,10 \u20ac pant",
    "price/unit": "(5,32 \u20ac / l)\r\n        "
  },
  {
    "name": "Energiajook DYNAMI:T 568ml,prk",
    "price": "4,99 \u20ac",
    "price/unit": "(1,67 \u20ac / l)\r\n        "
  },
  {
    "name": "Energiajook BATTERY 400ml",
    "price": " + 0,10 \u20ac * 4 pant",
    "price/unit": "(2,73 \u20ac / l)\r\n        "
  },
  {
    "name": "Spordij.ARCTIC SPORT ISO Apels.0.75l",
    "price": "0,65 \u20ac",
    "price/unit": "(1,32 \u20ac / l)\r\n        "
  },
  {
    "name": "Proteiinijook ARCTIC SPORT Maasik.0,33L",
    "price": " + 0,10 \u20ac pant",
    "price/unit": "(4,21 \u20ac / l)\r\n        "
  },
  {
    "name": "Energiajook MONSTER Energy 500ml, prk",
    "price": "0,89 \u20ac",
    "price/unit": "(2,78 \u20ac / l)\r\n        "
  },
  {
    "name": "Siider FIZZ Strawberry 500ml",
    "price": "1,59 \u20ac",
    "price/unit": "(3,18 \u20ac / l)\r\n        "
  },
  {
    "name": "Siider FIZZ Blueberry 500ml",
    "price": " + 0,10 \u20ac pant",
    "price/unit": "(3,58 \u20ac / l)\r\n        "
  },
  {
    "name": "\u00d5unasiider PULS 4.5 500ml, purk",
    "price": "1,79 \u20ac",
    "price/unit": "(2,78 \u20ac / l)\r\n        "
  },
  {
    "name": "Siider SOMERSBY \u00d5un 4.5% 330ml",
    "price": " + 0,10 \u20ac pant",
    "price/unit": "(3,79 \u20ac / l)\r\n        "
  },
  {
    "name": "Perry SOMERSBY Pirni siider 4.5% 330ml",
    "price": "1,39 \u20ac",
    "price/unit": "(3,79 \u20ac / l)\r\n        "
  },
  {
    "name": "Siider SHERWOOD Apple 330ml,pdl",
    "price": " + 0,10 \u20ac pant",
    "price/unit": "(3,30 \u20ac / l)\r\n        "
  },
  {
    "name": "Siider SHERWOOD Pear 330ml,pdl",
    "price": "1,25 \u20ac",
    "price/unit": "(3,30 \u20ac / l)\r\n        "
  },
  {
    "name": "Siider FIZZ Pear 4.5% 500ml",
    "price": " + 0,10 \u20ac pant",
    "price/unit": "(3,70 \u20ac / l)\r\n        "
  },
  {
    "name": "Siider PULS maasika-laimi 4,5% 500ml",
    "price": "1,25 \u20ac",
    "price/unit": "(2,78 \u20ac / l)\r\n        "
  },
  {
    "name": "Siider Fizz Pirn 4,5% 1,5L pet",
    "price": " + 0,10 \u20ac pant",
    "price/unit": "(2,77 \u20ac / l)\r\n        "
  },
  {
    "name": "Siider FIZZ Blueberry 1.5l",
    "price": "1,09 \u20ac",
    "price/unit": "(2,77 \u20ac / l)\r\n        "
  },
  {
    "name": "Siider FIZZ Strawberry 1.5l",
    "price": " + 0,10 \u20ac pant",
    "price/unit": "(2,77 \u20ac / l)\r\n        "
  },
  {
    "name": "Siider PULS leedri-sidruni 4.5% 0.5L prk",
    "price": "1,09 \u20ac",
    "price/unit": "(2,90 \u20ac / l)\r\n        "
  },
  {
    "name": "Siider SOMERSBY Red Rhubarb 4,5% 330ml",
    "price": " + 0,10 \u20ac pant",
    "price/unit": "(3,79 \u20ac / l)\r\n        "
  },
  {
    "name": "Siider SOMERSBY \u00d5un 4.5% 1L pet",
    "price": "1,85 \u20ac",
    "price/unit": "(3,15 \u20ac / l)\r\n        "
  },
  {
    "name": "Siider SOMERSBY Pirn 4.5% 1L pet",
    "price": " + 0,10 \u20ac pant",
    "price/unit": "(3,15 \u20ac / l)\r\n        "
  },
  {
    "name": "KGT v.vein J.P.CHENET poolmagus 750ml",
    "price": "5,19 \u20ac",
    "price/unit": "(6,92 \u20ac / l)\r\n        "
  },
  {
    "name": "GT vein FRONTERA Chardonnay 750ml",
    "price": "4,99 \u20ac",
    "price/unit": "(6,65 \u20ac / l)\r\n        "
  },
  {
    "name": "GT vein FRONTERA Sauvignon Blanc 750ml",
    "price": "4,99 \u20ac",
    "price/unit": "(6,65 \u20ac / l)\r\n        "
  },
  {
    "name": "KGT vein DREAMER Chardonnay 750ml",
    "price": "4,99 \u20ac",
    "price/unit": "(6,65 \u20ac / l)\r\n        "
  },
  {
    "name": "KPN vein MOSELLAND Riesl.-Trocken 750ml",
    "price": "6,99 \u20ac",
    "price/unit": "(9,32 \u20ac / l)\r\n        "
  },
  {
    "name": "KPN vein MOSELLAND Riesling Kab.750ml",
    "price": "7,49 \u20ac",
    "price/unit": "(9,99 \u20ac / l)\r\n        "
  },
  {
    "name": "GT kuiv vein ANDES Chardonnay 750ml",
    "price": "3,99 \u20ac",
    "price/unit": "(5,32 \u20ac / l)\r\n        "
  },
  {
    "name": "KPN vein TORRES S.Valent.Parel. 750ml",
    "price": "8,29 \u20ac",
    "price/unit": "(11,05 \u20ac / l)\r\n        "
  },
  {
    "name": "KGT valge vein B&G Sauvignon Blanc 750ml",
    "price": "7,99 \u20ac",
    "price/unit": "(10,65 \u20ac / l)\r\n        "
  },
  {
    "name": "KGT vein TONINO bianco 750ml",
    "price": "6,49 \u20ac",
    "price/unit": "(8,65 \u20ac / l)\r\n        "
  },
  {
    "name": "GT poolmag.vein ALAZANI Valley val.750ml",
    "price": "5,49 \u20ac",
    "price/unit": "(7,32 \u20ac / l)\r\n        "
  },
  {
    "name": "GT vein CAMPERO Chardonnay 750ml",
    "price": "5,99 \u20ac",
    "price/unit": "(7,99 \u20ac / l)\r\n        "
  },
  {
    "name": "KPN v.v.PETER MERTES Liebfraumil. 3L,BIB",
    "price": "13,99 \u20ac",
    "price/unit": "(4,66 \u20ac / l)\r\n        "
  },
  {
    "name": "GT vein ALAZANIS VALLEY poolmagus 750ml",
    "price": "4,89 \u20ac",
    "price/unit": "(6,52 \u20ac / l)\r\n        "
  },
  {
    "name": "KPN vein VAUCHER Chablis 750ml",
    "price": "14,99 \u20ac",
    "price/unit": "(19,99 \u20ac / l)\r\n        "
  },
  {
    "name": "GT vein TBILVINO Tsinandali 750ml",
    "price": "5,29 \u20ac",
    "price/unit": "(7,05 \u20ac / l)\r\n        "
  },
  {
    "name": "GT valge vein TVISHI poolmagus 750ml",
    "price": "8,99 \u20ac",
    "price/unit": "(11,99 \u20ac / l)\r\n        "
  },
  {
    "name": "KPN-kv.v.FARNESE FANTINI Trebbiano 750ml",
    "price": "6,99 \u20ac",
    "price/unit": "(9,32 \u20ac / l)\r\n        "
  },
  {
    "name": "Arom. veinijook TAKARA Plum 10% 750ml",
    "price": "5,99 \u20ac",
    "price/unit": "(7,99 \u20ac / l)\r\n        "
  },
  {
    "name": "KGT valge vein ZONIN Pinot Grigio 750ml",
    "price": "8,99 \u20ac",
    "price/unit": "(11,99 \u20ac / l)\r\n        "
  },
  {
    "name": "KGT v.v. LES SENSIBLES Chardonnay 750ml",
    "price": "4,99 \u20ac",
    "price/unit": "(6,65 \u20ac / l)\r\n        "
  },
  {
    "name": "KPN-v.vein GRAN CASTILLO Viu.Chard.750ml",
    "price": "5,49 \u20ac",
    "price/unit": "(7,32 \u20ac / l)\r\n        "
  },
  {
    "name": "Vein BLUE NUN Medium valge 750ml",
    "price": "6,49 \u20ac",
    "price/unit": "(8,65 \u20ac / l)\r\n        "
  },
  {
    "name": "KPN kuiv vein MAYBACH Riesling 750ml",
    "price": "3,99 \u20ac",
    "price/unit": "(5,32 \u20ac / l)\r\n        "
  },
  {
    "name": "KPN poolkuiv vein MAYBACH Riesling 750ml",
    "price": "3,99 \u20ac",
    "price/unit": "(5,32 \u20ac / l)\r\n        "
  },
  {
    "name": "Lauavein PIACERE kuiv valge 1L",
    "price": "3,49 \u20ac",
    "price/unit": "(3,49 \u20ac / l)\r\n        "
  },
  {
    "name": "Vein CASTILLO DE MUREVA kuiv, valge 1L",
    "price": "3,09 \u20ac",
    "price/unit": "(3,09 \u20ac / l)\r\n        "
  },
  {
    "name": "Vein SUPERSOL valge 1L",
    "price": "3,79 \u20ac",
    "price/unit": "(3,79 \u20ac / l)\r\n        "
  },
  {
    "name": "GT vein OLD GRUZIA Alaverdi valge 750ml",
    "price": "7,29 \u20ac",
    "price/unit": "(9,72 \u20ac / l)\r\n        "
  },
  {
    "name": "Vein TOMMASI Adorato Appassionato 750ml",
    "price": "8,99 \u20ac",
    "price/unit": "(11,99 \u20ac / l)\r\n        "
  },
  {
    "name": "KPN v.v. MAYBACH Grauer Burgunder 750ml",
    "price": "4,69 \u20ac",
    "price/unit": "(6,25 \u20ac / l)\r\n        "
  },
  {
    "name": "Vein valge poolmagus D'OR Muscat 750ml",
    "price": "3,99 \u20ac",
    "price/unit": "(5,32 \u20ac / l)\r\n        "
  },
  {
    "name": "KGT vein DREAMER L.Harv. Riesling 750ml",
    "price": "4,99 \u20ac",
    "price/unit": "(6,65 \u20ac / l)\r\n        "
  },
  {
    "name": "Vein CHAMBOUSTIN punane 3L",
    "price": "12,49 \u20ac",
    "price/unit": "(4,16 \u20ac / l)\r\n        "
  },
  {
    "name": "Vein CHAMBOUSTIN valge 3L",
    "price": "12,49 \u20ac",
    "price/unit": "(4,16 \u20ac / l)\r\n        "
  },
  {
    "name": "KPN vein R.C. Bordeaux Blanc 750ml",
    "price": "5,29 \u20ac",
    "price/unit": "(7,05 \u20ac / l)\r\n        "
  },
  {
    "name": "KPN vein ANNA LAURE Pinot Blanc 750ml",
    "price": "8,99 \u20ac",
    "price/unit": "(11,99 \u20ac / l)\r\n        "
  },
  {
    "name": "GT vein MEERESTEIN Pinot Grigio 750ml",
    "price": "5,99 \u20ac",
    "price/unit": "(7,99 \u20ac / l)\r\n        "
  },
  {
    "name": "KGT vein ITALIA Pinot Grigio Rose 750ml",
    "price": "5,79 \u20ac",
    "price/unit": "(7,72 \u20ac / l)\r\n        "
  },
  {
    "name": "Vein SECRET ARISTOCRATA Chard. 750ml",
    "price": "4,99 \u20ac",
    "price/unit": "(6,65 \u20ac / l)\r\n        "
  },
  {
    "name": "Vein C.DE MUREVA valge poolmagus 1L",
    "price": "3,99 \u20ac",
    "price/unit": "(3,99 \u20ac / l)\r\n        "
  },
  {
    "name": "KGT vein LE BOTTLE Sauvignon Blanc 750ml",
    "price": "5,99 \u20ac",
    "price/unit": "(7,99 \u20ac / l)\r\n        "
  },
  {
    "name": "KGT vein BLUE LIGHT Riesling 750ml",
    "price": "5,49 \u20ac",
    "price/unit": "(7,32 \u20ac / l)\r\n        "
  },
  {
    "name": "KPN vein SOMMERAU Riesling feinh. 750ml",
    "price": "6,69 \u20ac",
    "price/unit": "(8,92 \u20ac / l)\r\n        "
  },
  {
    "name": "KPN valge vein MAYBACH kuiv 3L, BIB",
    "price": "13,99 \u20ac",
    "price/unit": "(4,66 \u20ac / l)\r\n        "
  },
  {
    "name": "KPN vein MAYBACH Sauvignon Blanc 750ml",
    "price": "4,69 \u20ac",
    "price/unit": "(6,25 \u20ac / l)\r\n        "
  },
  {
    "name": "Vein LA COMIDA valge kuiv 3L",
    "price": "11,99 \u20ac",
    "price/unit": "(4,00 \u20ac / l)\r\n        "
  },
  {
    "name": "Vein PARIS SEDUCTION magus valge 750ml",
    "price": "3,99 \u20ac",
    "price/unit": "(5,32 \u20ac / l)\r\n        "
  },
  {
    "name": "GT vein ROBERTSON Chen.Blanc Colom.750ml",
    "price": "5,29 \u20ac",
    "price/unit": "(7,05 \u20ac / l)\r\n        "
  },
  {
    "name": "GT val.vein ANDES Sauvig.Blanc 750ml",
    "price": "3,99 \u20ac",
    "price/unit": "(5,32 \u20ac / l)\r\n        "
  },
  {
    "name": "Kapslid Gr.Int.DolceGusto NESCAFE 16x10g",
    "price": "4,49 \u20ac",
    "price/unit": "(28,06 \u20ac / kg)\r\n        "
  },
  {
    "name": "Kapslid Espresso DolceGusto NESCAFE16x8g",
    "price": "4,49 \u20ac",
    "price/unit": "(35,08 \u20ac / kg)\r\n        "
  },
  {
    "name": "Kaps.LatteMacc.DolceGustoNESCAFE 194.4g",
    "price": "4,49 \u20ac",
    "price/unit": "(23,10 \u20ac / kg)\r\n        "
  },
  {
    "name": "Kapslid Lungo DolceGusto NESCAFE 16x7g",
    "price": "4,49 \u20ac",
    "price/unit": "(40,09 \u20ac / kg)\r\n        "
  },
  {
    "name": "Kaps.LatteMacch.Caram.DGNESCAFE16x10.55g",
    "price": "4,49 \u20ac",
    "price/unit": "(26,60 \u20ac / kg)\r\n        "
  },
  {
    "name": "Kapslid Cupsolo Crema Latte PAULIG16x10g",
    "price": "4,49 \u20ac",
    "price/unit": "(28,06 \u20ac / kg)\r\n        "
  },
  {
    "name": "Kapslid Cup.CappuccinoPAULIG8x8.2g+8x10g",
    "price": "4,49 \u20ac",
    "price/unit": "(30,84 \u20ac / kg)\r\n        "
  },
  {
    "name": "Kapsl.Barista DolceGusto NESCAFE16x7.5g",
    "price": "4,49 \u20ac",
    "price/unit": "(37,42 \u20ac / kg)\r\n        "
  },
  {
    "name": "Kapslid Grande Dolce Gusto NESCAFE 16x8g",
    "price": "4,49 \u20ac",
    "price/unit": "(35,08 \u20ac / kg)\r\n        "
  },
  {
    "name": "Kapslid Cupsolo Tazza PAULIG 16x18g",
    "price": "4,49 \u20ac",
    "price/unit": "(15,59 \u20ac / kg)\r\n        "
  },
  {
    "name": "Kapsl.Cafeau Lait Dolce Gusto NESCAFE",
    "price": "4,49 \u20ac",
    "price/unit": "(28,06 \u20ac / kg)\r\n        "
  },
  {
    "name": "Kapslid Cupsolo Mexico PAULIG 16x8.5g",
    "price": "4,49 \u20ac",
    "price/unit": "(33,01 \u20ac / kg)\r\n        "
  },
  {
    "name": "Kapslid Cupsolo PresidenttiPAULIG16x8.5g",
    "price": "4,49 \u20ac",
    "price/unit": "(33,01 \u20ac / kg)\r\n        "
  },
  {
    "name": "Kapslid Cupsolo Guatemala PAULIG 16x8.5g",
    "price": "4,49 \u20ac",
    "price/unit": "(33,01 \u20ac / kg)\r\n        "
  },
  {
    "name": "Kapslid Cupsolo Classic PAULIG 16x7.2g",
    "price": "4,49 \u20ac",
    "price/unit": "(38,98 \u20ac / kg)\r\n        "
  },
  {
    "name": "Kapslid Cupsolo Espresso PAULIG 16x7.2g",
    "price": "4,49 \u20ac",
    "price/unit": "(38,98 \u20ac / kg)\r\n        "
  },
  {
    "name": "Kohvikapslid Forza L'OR 10 tk",
    "price": "3,49 \u20ac",
    "price/unit": "(0,35 \u20ac / tk)\r\n        "
  },
  {
    "name": "Kohvikapslid Splendente L'OR 10 tk",
    "price": "3,49 \u20ac",
    "price/unit": "(0,35 \u20ac / tk)\r\n        "
  },
  {
    "name": "Kohvikapslid Mattinata L'OR 10 tk",
    "price": "3,49 \u20ac",
    "price/unit": "(0,35 \u20ac / tk)\r\n        "
  },
  {
    "name": "Jahvatatud kohv Presidentti PAULIG 500g",
    "price": "3,19 \u20ac",
    "price/unit": "(6,38 \u20ac / kg)\r\n        "
  },
  {
    "name": "Jahvatatud kohv Presidentti PAULIG, 250g",
    "price": "1,49 \u20ac",
    "price/unit": "(5,96 \u20ac / kg)\r\n        "
  },
  {
    "name": "Lah. kohv NESCAFE Classic 100g kl.prk.",
    "price": "2,59 \u20ac",
    "price/unit": "(25,90 \u20ac / kg)\r\n        "
  },
  {
    "name": "Lahustuv kohv NESCAFE Classic 250g",
    "price": "4,29 \u20ac",
    "price/unit": "(17,16 \u20ac / kg)\r\n        "
  },
  {
    "name": "Lahustuv kohv Cronat Gold  JACOBS 100g",
    "price": "2,99 \u20ac",
    "price/unit": "(29,90 \u20ac / kg)\r\n        "
  },
  {
    "name": "Lahustuv kohv Cronat Gold  JACOBS 200g",
    "price": "4,99 \u20ac",
    "price/unit": "(24,95 \u20ac / kg)\r\n        "
  },
  {
    "name": "Jahvatatud kohv Kr\u00f6nung JACOBS 500g",
    "price": "4,39 \u20ac",
    "price/unit": "(8,78 \u20ac / kg)\r\n        "
  },
  {
    "name": "Lahustuv kohv Kr\u00f6nung JACOBS 100g",
    "price": "4,89 \u20ac",
    "price/unit": "(48,90 \u20ac / kg)\r\n        "
  },
  {
    "name": "Jahvatatud kohv Oro LAVAZZA 250g",
    "price": "3,99 \u20ac",
    "price/unit": "(15,96 \u20ac / kg)\r\n        "
  },
  {
    "name": "Lahustuv kohv INSTANT COFFEE AVS 100g",
    "price": "1,89 \u20ac",
    "price/unit": "(18,90 \u20ac / kg)\r\n        "
  },
  {
    "name": "Jahv.kohv mas.Kr\u00f6nung Grand JACOBS, 100g",
    "price": "1,29 \u20ac",
    "price/unit": "(12,90 \u20ac / kg)\r\n        "
  },
  {
    "name": "Jahv. kohv presskannu Bodum LUXUS 500g",
    "price": "4,89 \u20ac",
    "price/unit": "(9,78 \u20ac / kg)\r\n        "
  },
  {
    "name": "Jahvatatud kohv LUXUS 250g",
    "price": "3,39 \u20ac",
    "price/unit": "(13,56 \u20ac / kg)\r\n        "
  },
  {
    "name": "Kohv L\u00d6FBERGS keskmine r\u00f6st 500g",
    "price": "4,39 \u20ac",
    "price/unit": "(8,78 \u20ac / kg)\r\n        "
  },
  {
    "name": "Kohv L\u00d6FBERGS presskannu 500g",
    "price": "4,39 \u20ac",
    "price/unit": "(8,78 \u20ac / kg)\r\n        "
  },
  {
    "name": "Jahvatatud kohv LUXUS 100g",
    "price": "1,23 \u20ac",
    "price/unit": "(12,30 \u20ac / kg)\r\n        "
  },
  {
    "name": "Jahvatatud kohv LUXUS  500g",
    "price": "4,89 \u20ac",
    "price/unit": "(9,78 \u20ac / kg)\r\n        "
  },
  {
    "name": "Jahvatatud kohv Rossa LAVAZZA 250g",
    "price": "5,19 \u20ac",
    "price/unit": "(20,76 \u20ac / kg)\r\n        "
  },
  {
    "name": "Lahustuv kohv Gold Selection TCHIBO,100g",
    "price": "4,15 \u20ac",
    "price/unit": "(41,50 \u20ac / kg)\r\n        "
  },
  {
    "name": "Lahustuv kohv Kr\u00f6nung JACOBS 200g",
    "price": "7,49 \u20ac",
    "price/unit": "(37,45 \u20ac / kg)\r\n        "
  },
  {
    "name": "Jahvatatud kohv Classic PAULIG 500g",
    "price": "3,99 \u20ac",
    "price/unit": "(7,98 \u20ac / kg)\r\n        "
  },
  {
    "name": "Jahvatatud kohv Classic PAULIG, 100g",
    "price": "1,39 \u20ac",
    "price/unit": "(13,90 \u20ac / kg)\r\n        "
  },
  {
    "name": "Jahv.kohv Kr\u00f6nung JACOBS koffeinivaba250",
    "price": "3,45 \u20ac",
    "price/unit": "(13,80 \u20ac / kg)\r\n        "
  },
  {
    "name": "Jahv. kohv French Classic PAULIG 500g",
    "price": "4,39 \u20ac",
    "price/unit": "(8,78 \u20ac / kg)\r\n        "
  },
  {
    "name": "Lahustuv kohv Rich Aroma DAVIDOFF,100g",
    "price": "7,85 \u20ac",
    "price/unit": "(78,50 \u20ac / kg)\r\n        "
  },
  {
    "name": "Lahustuv kohv Fine Aroma DAVIDOFF,100g",
    "price": "7,85 \u20ac",
    "price/unit": "(78,50 \u20ac / kg)\r\n        "
  },
  {
    "name": "Jahvatatud kohv Exclusive TCHIBO 500g",
    "price": "5,99 \u20ac",
    "price/unit": "(11,98 \u20ac / kg)\r\n        "
  },
  {
    "name": "Jahv.kohv Prodomo DALLMAYR 500g",
    "price": "7,29 \u20ac",
    "price/unit": "(14,58 \u20ac / kg)\r\n        "
  },
  {
    "name": "Jahvatatud kohv Aromi Mokka MEIRA, 450g",
    "price": "2,99 \u20ac",
    "price/unit": "(6,64 \u20ac / kg)\r\n        "
  },
  {
    "name": "Jah.kohv Kulta Katriina kannu MEIRA,500g",
    "price": "4,79 \u20ac",
    "price/unit": "(9,58 \u20ac / kg)\r\n        "
  },
  {
    "name": "Jah.kohv Kulta Katriina MEIRA, 500g",
    "price": "4,79 \u20ac",
    "price/unit": "(9,58 \u20ac / kg)\r\n        "
  },
  {
    "name": "Jahv.kohv Presidentti Gold PAULIG,500g",
    "price": "5,99 \u20ac",
    "price/unit": "(11,98 \u20ac / kg)\r\n        "
  },
  {
    "name": "Jahvatatud kohv Club LAVAZZA 250g",
    "price": "7,39 \u20ac",
    "price/unit": "(29,56 \u20ac / kg)\r\n        "
  },
  {
    "name": "Jahvat.kohv Kharisma L\u00d6FBERGS 500g",
    "price": "4,69 \u20ac",
    "price/unit": "(9,38 \u20ac / kg)\r\n        "
  },
  {
    "name": "Jahv.kohv Classic DALLMAYR,500g",
    "price": "5,99 \u20ac",
    "price/unit": "(11,98 \u20ac / kg)\r\n        "
  },
  {
    "name": "Jahvatatud kohvProdomo DALLMAYR 500g prk",
    "price": "12,69 \u20ac",
    "price/unit": "(25,38 \u20ac / kg)\r\n        "
  },
  {
    "name": "Lahustuv kohv MONTE PERO Gold 100g",
    "price": "2,29 \u20ac",
    "price/unit": "(22,90 \u20ac / kg)\r\n        "
  },
  {
    "name": "Granul.lah.kohv MONTE PERO Classic 100g",
    "price": "1,57 \u20ac",
    "price/unit": "(15,70 \u20ac / kg)\r\n        "
  },
  {
    "name": "Granul.lah.kohv MONTE PERO Classic 200g",
    "price": "3,69 \u20ac",
    "price/unit": "(18,45 \u20ac / kg)\r\n        "
  },
  {
    "name": "Lahustuv kohv Caramel MERRILD 95g",
    "price": "4,69 \u20ac",
    "price/unit": "(49,37 \u20ac / kg)\r\n        "
  },
  {
    "name": "Lahustuv kohv Hazelnut MERRILD 95g",
    "price": "4,69 \u20ac",
    "price/unit": "(49,37 \u20ac / kg)\r\n        "
  },
  {
    "name": "Lahustuv kohv Gold Original MERRILD 100g",
    "price": "4,69 \u20ac",
    "price/unit": "(46,90 \u20ac / kg)\r\n        "
  },
  {
    "name": "Lahust.kohv Classic Crema NESCAFE 100g",
    "price": "3,05 \u20ac",
    "price/unit": "(30,50 \u20ac / kg)\r\n        "
  },
  {
    "name": "Jahvatatud kohv In-Cup MERRILD 400g",
    "price": "2,59 \u20ac",
    "price/unit": "(6,48 \u20ac / kg)\r\n        "
  },
  {
    "name": "Jahvatatud kohv Saludo MEIRA 450g",
    "price": "4,79 \u20ac",
    "price/unit": "(10,64 \u20ac / kg)\r\n        "
  },
  {
    "name": "Lahustuv kohv Velvet JACOBS 100g",
    "price": "2,99 \u20ac",
    "price/unit": "(29,90 \u20ac / kg)\r\n        "
  },
  {
    "name": "Lahustuv kohv Gold DALLMAYR 100g",
    "price": "5,15 \u20ac",
    "price/unit": "(51,50 \u20ac / kg)\r\n        "
  },
  {
    "name": "Jahv.kohv Colombia COFFEE PEOPLE 250g",
    "price": "8,79 \u20ac",
    "price/unit": "(35,16 \u20ac / kg)\r\n        "
  },
  {
    "name": "Jahv. kohv Brazil Original PAULIG 500g",
    "price": "5,39 \u20ac",
    "price/unit": "(10,78 \u20ac / kg)\r\n        "
  },
  {
    "name": "Jahvatatud kohv Classique L'OR 250g",
    "price": "3,99 \u20ac",
    "price/unit": "(15,96 \u20ac / kg)\r\n        "
  },
  {
    "name": "Kohvivalgendaja Mokate Carmen 200g",
    "price": "0,95 \u20ac",
    "price/unit": "(4,75 \u20ac / kg)\r\n        "
  },
  {
    "name": "Kohvijook Choco 3in1 LA FESTA, 12.5g",
    "price": "0,18 \u20ac",
    "price/unit": "(14,40 \u20ac / kg)\r\n        "
  },
  {
    "name": "Kohvijook 3in1 Latte LA FESTA 12,5g",
    "price": "0,18 \u20ac",
    "price/unit": "(14,40 \u20ac / kg)\r\n        "
  },
  {
    "name": "Kohvijook NESCAFE 3in1 strong 10x18g",
    "price": "1,49 \u20ac",
    "price/unit": "(8,28 \u20ac / kg)\r\n        "
  },
  {
    "name": "Kohvijook 3in1 Choco LA FESTA 10x12,5g",
    "price": "1,49 \u20ac",
    "price/unit": "(11,92 \u20ac / kg)\r\n        "
  },
  {
    "name": "Lah.kohvij.Nescafe Classic3in1,10x17,5g",
    "price": "1,49 \u20ac",
    "price/unit": "(8,51 \u20ac / kg)\r\n        "
  },
  {
    "name": "Lah.kohvij.Nescafe Classic3in1,20x17.5g",
    "price": "3,59 \u20ac",
    "price/unit": "(10,26 \u20ac / kg)\r\n        "
  },
  {
    "name": "Koh.jook Classic 3in1NESCAFEkarp28x17.5g",
    "price": "5,99 \u20ac",
    "price/unit": "(12,22 \u20ac / kg)\r\n        "
  },
  {
    "name": "Kohvijook 3in1 JACOBS,10x15.2g",
    "price": "1,39 \u20ac",
    "price/unit": "(9,14 \u20ac / kg)\r\n        "
  },
  {
    "name": "Kohvijook 3in1 JACOBS karp 20x15.2g",
    "price": "2,49 \u20ac",
    "price/unit": "(0,12 \u20ac / tk)\r\n        "
  },
  {
    "name": "Cappuccino NESCAFE 10x13g karp",
    "price": "2,79 \u20ac",
    "price/unit": "(21,46 \u20ac / kg)\r\n        "
  },
  {
    "name": "Kohvijook 3in1 JACOBS 20x15.2g",
    "price": "2,59 \u20ac",
    "price/unit": "(0,13 \u20ac / tk)\r\n        "
  },
  {
    "name": "Lahustuv kohv Latte NESCAFE 10x15g",
    "price": "1,99 \u20ac",
    "price/unit": "(13,27 \u20ac / kg)\r\n        "
  },
  {
    "name": "Lah.kohvijook 3IN1 Inten.JACOBS 24x17.5g",
    "price": "2,99 \u20ac",
    "price/unit": "(7,12 \u20ac / kg)\r\n        "
  },
  {
    "name": "Kohvijook caramel3in1 NESCAFE10x16g",
    "price": "1,49 \u20ac",
    "price/unit": "(9,31 \u20ac / kg)\r\n        "
  },
  {
    "name": "Lahustuv kohv Latte JACOBS 20X12,5g",
    "price": "2,49 \u20ac",
    "price/unit": "(9,96 \u20ac / kg)\r\n        "
  },
  {
    "name": "Kohvijook \u0161ok.-sarapuu3in1 NESCAFE10x16g",
    "price": "1,49 \u20ac",
    "price/unit": "(9,31 \u20ac / kg)\r\n        "
  },
  {
    "name": "Roheline tee Classic TETLEY 25x1,5g",
    "price": "1,69 \u20ac",
    "price/unit": "(0,07 \u20ac / tk)\r\n        "
  },
  {
    "name": "Roheline tee HYLEYS suureleheline 100g",
    "price": "1,39 \u20ac",
    "price/unit": "(13,90 \u20ac / kg)\r\n        "
  },
  {
    "name": "Roheline tee HYLEYS 25x1.5g",
    "price": "1,09 \u20ac",
    "price/unit": "(0,04 \u20ac / tk)\r\n        "
  },
  {
    "name": "Rohel. tee Flying Dragon GREENFIELD25x2g",
    "price": "1,79 \u20ac",
    "price/unit": "(0,07 \u20ac / tk)\r\n        "
  },
  {
    "name": "Roheline tee PICKWICK 20x2g",
    "price": "1,65 \u20ac",
    "price/unit": "(0,08 \u20ac / tk)\r\n        "
  },
  {
    "name": "Roh. tee GURMAN's sidr.- \u017een\u0161enniga90g",
    "price": "3,89 \u20ac",
    "price/unit": "(43,22 \u20ac / kg)\r\n        "
  },
  {
    "name": "Roh. tee Jasmine Dream GREENFIELD 25x2g",
    "price": "1,79 \u20ac",
    "price/unit": "(0,07 \u20ac / tk)\r\n        "
  },
  {
    "name": "Roh.tee Melissa GREENFIELD 25x1,5g",
    "price": "1,79 \u20ac",
    "price/unit": "(0,07 \u20ac / tk)\r\n        "
  },
  {
    "name": "Roh.tee Jasmine Dream GREENFIELD 100g",
    "price": "1,69 \u20ac",
    "price/unit": "(16,90 \u20ac / kg)\r\n        "
  },
  {
    "name": "Roheline tee Flying Dragon GREENF.100g",
    "price": "1,69 \u20ac",
    "price/unit": "(16,90 \u20ac / kg)\r\n        "
  },
  {
    "name": "Roheline tee piparm\u00fcndi HYLEYS 25x1,5g",
    "price": "1,09 \u20ac",
    "price/unit": "(0,04 \u20ac / tk)\r\n        "
  },
  {
    "name": "Roh.Jaap.tee Sencha GREENFIELD 25x2g",
    "price": "1,69 \u20ac",
    "price/unit": "(0,07 \u20ac / tk)\r\n        "
  },
  {
    "name": "Roheline tee Lime TESS, 25x2g",
    "price": "1,14 \u20ac",
    "price/unit": "(0,05 \u20ac / tk)\r\n        "
  },
  {
    "name": "Roh.tee MandarinOrange LIPTONp\u00fcr.20x1.8g",
    "price": "1,09 \u20ac",
    "price/unit": "(0,05 \u20ac / tk)\r\n        "
  },
  {
    "name": "Roheline tee Flirt TESS, 25x1.5g",
    "price": "1,14 \u20ac",
    "price/unit": "(0,05 \u20ac / tk)\r\n        "
  },
  {
    "name": "Roheline tee Tsitrus LIPTON 25x1.3g",
    "price": "0,99 \u20ac",
    "price/unit": "(0,04 \u20ac / tk)\r\n        "
  },
  {
    "name": "Roheline tee Mint LIPTON 25x1.3g",
    "price": "1,75 \u20ac",
    "price/unit": "(0,07 \u20ac / tk)\r\n        "
  },
  {
    "name": "Roheline tee Classic LIPTON 25x1.3g",
    "price": "0,99 \u20ac",
    "price/unit": "(0,04 \u20ac / tk)\r\n        "
  },
  {
    "name": "Rohel.tee meliss+sidr.LIPTON p\u00fcr.20x1.6g",
    "price": "1,09 \u20ac",
    "price/unit": "(0,05 \u20ac / tk)\r\n        "
  },
  {
    "name": "Roheline tee LIPTON p\u00fcr.20x1.4g",
    "price": "1,69 \u20ac",
    "price/unit": "(0,08 \u20ac / tk)\r\n        "
  },
  {
    "name": "Roheline tee sidruniga TEEKANNE,20x1.75g",
    "price": "2,05 \u20ac",
    "price/unit": "(0,10 \u20ac / tk)\r\n        "
  },
  {
    "name": "Roh.tee ingveri ja sidruniga GURMANS 90g",
    "price": "2,99 \u20ac",
    "price/unit": "(33,22 \u20ac / kg)\r\n        "
  },
  {
    "name": "Tee Milky Oolong GREENFIELD p\u00fcr. 20x1.8g",
    "price": "2,15 \u20ac",
    "price/unit": "(0,11 \u20ac / tk)\r\n        "
  },
  {
    "name": "Roheline tee sidrunimaits. SAGA 20x1.3g",
    "price": "0,99 \u20ac",
    "price/unit": "(0,05 \u20ac / tk)\r\n        "
  },
  {
    "name": "Roheline tee White Moon\u00a0BASILUR 100g",
    "price": "3,89 \u20ac",
    "price/unit": "(38,90 \u20ac / kg)\r\n        "
  },
  {
    "name": "Rohel.tee sidruniga FAVORIT 20x1.75g",
    "price": "0,85 \u20ac",
    "price/unit": "(0,04 \u20ac / tk)\r\n        "
  },
  {
    "name": "Roh.tee ingveri FAVORIT 20x1.75g",
    "price": "0,95 \u20ac",
    "price/unit": "(0,05 \u20ac / tk)\r\n        "
  },
  {
    "name": "Roh.tee sidr. MakrooniLIPTON p\u00fcr.20x1.4g",
    "price": "1,75 \u20ac",
    "price/unit": "(0,09 \u20ac / tk)\r\n        "
  },
  {
    "name": "Roh.tee vaarika&granaat\u00f5una 20x1.4g",
    "price": "1,09 \u20ac",
    "price/unit": "(0,05 \u20ac / tk)\r\n        "
  },
  {
    "name": "Roh.tee Intense Mint LIPTON p\u00fcr.20x1.6g",
    "price": "1,75 \u20ac",
    "price/unit": "(0,09 \u20ac / tk)\r\n        "
  },
  {
    "name": "Roh. tee melis.-sidrun.FAVORIT p\u00fcr.20x2g",
    "price": "1,25 \u20ac",
    "price/unit": "(0,06 \u20ac / tk)\r\n        "
  },
  {
    "name": "Roh.tee piparm\u00fcndimait.FAVORITp\u00fcr.20x2g",
    "price": "1,25 \u20ac",
    "price/unit": "(0,06 \u20ac / tk)\r\n        "
  },
  {
    "name": "Roheline tee guanabanaga CHELTON 100g",
    "price": "1,85 \u20ac",
    "price/unit": "(18,50 \u20ac / kg)\r\n        "
  },
  {
    "name": "Sangria SUPERSOL",
    "price": "3,89 \u20ac",
    "price/unit": "(3,89 \u20ac / l)\r\n        "
  },
  {
    "name": "Sangria ED HARDY 1.5L",
    "price": "5,99 \u20ac",
    "price/unit": "(3,99 \u20ac / l)\r\n        "
  },
  {
    "name": "Sangria ED HARDY 3L",
    "price": "10,99 \u20ac",
    "price/unit": "(3,66 \u20ac / l)\r\n        "
  },
  {
    "name": "Arom.vein APERITIF Rosso 1L",
    "price": "4,69 \u20ac",
    "price/unit": "(4,69 \u20ac / l)\r\n        "
  },
  {
    "name": "Tee HERBA piparm\u00fcndi 20x1.5g",
    "price": "0,47 \u20ac",
    "price/unit": "(0,02 \u20ac / tk)\r\n        "
  },
  {
    "name": "Tee HERBA kibuvitsa 20x2g",
    "price": "0,47 \u20ac",
    "price/unit": "(0,02 \u20ac / tk)\r\n        "
  },
  {
    "name": "Tee HERBA Kummel 20x1.25g",
    "price": "0,47 \u20ac",
    "price/unit": "(0,02 \u20ac / tk)\r\n        "
  },
  {
    "name": "Taimetee Warm Recollections ETNO 22x1.5g",
    "price": "1,75 \u20ac",
    "price/unit": "(0,08 \u20ac / tk)\r\n        "
  },
  {
    "name": "Taimetee Velvety Evening ETNO 22x1.5g",
    "price": "1,75 \u20ac",
    "price/unit": "(0,08 \u20ac / tk)\r\n        "
  },
  {
    "name": "Taimetee Camomile GREENFIELD 25x1,5g",
    "price": "1,95 \u20ac",
    "price/unit": "(0,08 \u20ac / tk)\r\n        "
  },
  {
    "name": "Rooibos tee apelsinimaits.TETLEY20x1.75g",
    "price": "2,69 \u20ac",
    "price/unit": "(0,13 \u20ac / tk)\r\n        "
  },
  {
    "name": "Taimetee Lunula ETNO 22x1.5g",
    "price": "1,75 \u20ac",
    "price/unit": "(0,08 \u20ac / tk)\r\n        "
  },
  {
    "name": "Kummelitee TEEKANNE 20x1.5g",
    "price": "1,79 \u20ac",
    "price/unit": "(0,09 \u20ac / tk)\r\n        "
  },
  {
    "name": "Piparm\u00fcnditee TEEKANNE 20x2.25g",
    "price": "1,79 \u20ac",
    "price/unit": "(0,09 \u20ac / tk)\r\n        "
  },
  {
    "name": "Rohutee Stomach Smoot. B&S TEEKANNE20x2g",
    "price": "2,11 \u20ac",
    "price/unit": "(0,11 \u20ac / tk)\r\n        "
  },
  {
    "name": "Taimetee Flame TESS 25x2g",
    "price": "1,14 \u20ac",
    "price/unit": "(0,05 \u20ac / tk)\r\n        "
  },
  {
    "name": "Taimetee mellis.mets.Gamtos gurk.20x1,5g",
    "price": "0,85 \u20ac",
    "price/unit": "(0,04 \u20ac / tk)\r\n        "
  },
  {
    "name": "Valge tee gr.\u00f5una mait.LIPTONp\u00fcr.20x1.5g",
    "price": "1,75 \u20ac",
    "price/unit": "(0,09 \u20ac / tk)\r\n        "
  },
  {
    "name": "Roh. tee P\u00e4rastl\u00f5una harmooniaETNO80g",
    "price": "2,29 \u20ac",
    "price/unit": "(28,63 \u20ac / kg)\r\n        "
  },
  {
    "name": "\u00dcrditee \u00d5htu harmoonia ETNO 70g",
    "price": "2,29 \u20ac",
    "price/unit": "(32,71 \u20ac / kg)\r\n        "
  },
  {
    "name": "TaimeteeIngverisidruniTEEKANNE20x1,75g",
    "price": "1,99 \u20ac",
    "price/unit": "(0,10 \u20ac / tk)\r\n        "
  },
  {
    "name": "Roh. tee ingveri-apel. TEEKANNE 20x1.75g",
    "price": "2,11 \u20ac",
    "price/unit": "(0,11 \u20ac / tk)\r\n        "
  },
  {
    "name": "Lahust.tee Elephant VanillaDAVID RIO398g",
    "price": "8,99 \u20ac",
    "price/unit": "(22,59 \u20ac / kg)\r\n        "
  },
  {
    "name": "Tee apels.-mandar.maits.LOYDp\u00fcr.20x1.7g",
    "price": "1,59 \u20ac",
    "price/unit": "(0,08 \u20ac / tk)\r\n        "
  },
  {
    "name": "Kummelitee TETLEY 20 x 1,5 g",
    "price": "1,09 \u20ac",
    "price/unit": "(0,05 \u20ac / tk)\r\n        "
  },
  {
    "name": "Kummelitee DILMAH 20x1.5g",
    "price": "1,75 \u20ac",
    "price/unit": "(0,09 \u20ac / tk)\r\n        "
  },
  {
    "name": "Tee kinkekarpGREENFIELD(30sorti)120x1.8g",
    "price": "10,99 \u20ac",
    "price/unit": "(0,09 \u20ac / tk)\r\n        "
  },
  {
    "name": "Kummelitee HERBEA 20x1.5g",
    "price": "0,38 \u20ac",
    "price/unit": "(0,02 \u20ac / tk)\r\n        "
  },
  {
    "name": "Melissitee TEEKANNE 20x2g",
    "price": "1,99 \u20ac",
    "price/unit": "(0,10 \u20ac / tk)\r\n        "
  },
  {
    "name": "Idamaine v\u00fcrtsitee TEEKANNE 20x2g",
    "price": "2,11 \u20ac",
    "price/unit": "(0,11 \u20ac / tk)\r\n        "
  },
  {
    "name": "Must tee Yellow Label LIPTON 25x2g",
    "price": "1,32 \u20ac",
    "price/unit": "(0,05 \u20ac / tk)\r\n        "
  },
  {
    "name": "Must tee Yellow Label LIPTON 50x2g",
    "price": "1,79 \u20ac",
    "price/unit": "(0,04 \u20ac / tk)\r\n        "
  },
  {
    "name": "Must lehetee DILMAH (karp) 100g",
    "price": "1,89 \u20ac",
    "price/unit": "(18,90 \u20ac / kg)\r\n        "
  },
  {
    "name": "Must tee Ceylon Orange Pekoe DILMAH 50g",
    "price": "1,05 \u20ac",
    "price/unit": "(21,00 \u20ac / kg)\r\n        "
  },
  {
    "name": "Tee Ceylon TETLEY 25x2g",
    "price": "1,58 \u20ac",
    "price/unit": "(0,06 \u20ac / tk)\r\n        "
  },
  {
    "name": "Must tee Earl Grey TETLEY 25x2g",
    "price": "1,75 \u20ac",
    "price/unit": "(0,07 \u20ac / tk)\r\n        "
  },
  {
    "name": "Must tee Tase of London LIPTON 25x2g",
    "price": "1,65 \u20ac",
    "price/unit": "(0,07 \u20ac / tk)\r\n        "
  },
  {
    "name": "Must tee Engl. AristocraticHYLEYS25x2g",
    "price": "1,39 \u20ac",
    "price/unit": "(0,06 \u20ac / tk)\r\n        "
  },
  {
    "name": "Must tee Royal Blend HYLEYS 25x2g",
    "price": "1,35 \u20ac",
    "price/unit": "(0,05 \u20ac / tk)\r\n        "
  },
  {
    "name": "Tee Scottish Breakfast HYLEYS 25x1.5g",
    "price": "1,19 \u20ac",
    "price/unit": "(0,05 \u20ac / tk)\r\n        "
  },
  {
    "name": "Must tee Sc. Breakfast HYLEYS 100x1.5g",
    "price": "2,75 \u20ac",
    "price/unit": "(0,03 \u20ac / tk)\r\n        "
  },
  {
    "name": "Must tee English Aristocratic HYLEYS100g",
    "price": "1,49 \u20ac",
    "price/unit": "(14,90 \u20ac / kg)\r\n        "
  },
  {
    "name": "Must tee Special Blend HYLEYS 100g",
    "price": "1,35 \u20ac",
    "price/unit": "(13,50 \u20ac / kg)\r\n        "
  },
  {
    "name": "Must tee Safari MAISKY 25x2g",
    "price": "1,05 \u20ac",
    "price/unit": "(0,04 \u20ac / tk)\r\n        "
  },
  {
    "name": "Must tee Golden Ceylon,GREENFIELD 25x2g",
    "price": "1,79 \u20ac",
    "price/unit": "(0,07 \u20ac / tk)\r\n        "
  },
  {
    "name": "Tseiloni must tee MAISKY 100g",
    "price": "1,15 \u20ac",
    "price/unit": "(11,50 \u20ac / kg)\r\n        "
  },
  {
    "name": "Must aromat. tee S\u00fcnnip\u00e4ev GURMANS 90g",
    "price": "3,89 \u20ac",
    "price/unit": "(43,22 \u20ac / kg)\r\n        "
  },
  {
    "name": "Must tee Mix PICKWICK 20x2g",
    "price": "1,65 \u20ac",
    "price/unit": "(0,08 \u20ac / tk)\r\n        "
  },
  {
    "name": "Must tee Golden Ceylon GREENFIELD100g",
    "price": "1,69 \u20ac",
    "price/unit": "(16,90 \u20ac / kg)\r\n        "
  },
  {
    "name": "Must tee Earl Gray,GREENFIELD 25x2g",
    "price": "1,79 \u20ac",
    "price/unit": "(0,07 \u20ac / tk)\r\n        "
  },
  {
    "name": "Must tee Spring Melody GREENFIELD25x1,5g",
    "price": "1,75 \u20ac",
    "price/unit": "(0,07 \u20ac / tk)\r\n        "
  },
  {
    "name": "Must tee Kenyan Sunrise GREENFIELD 25x2g",
    "price": "1,79 \u20ac",
    "price/unit": "(0,07 \u20ac / tk)\r\n        "
  },
  {
    "name": "Must tee sidr. Lemon LIPTON  p\u00fcr.20x1.7g",
    "price": "1,75 \u20ac",
    "price/unit": "(0,09 \u20ac / tk)\r\n        "
  },
  {
    "name": "Must tee BlueFruit LIPTON p\u00fcr.20x1.8g",
    "price": "0,99 \u20ac",
    "price/unit": "(0,05 \u20ac / tk)\r\n        "
  },
  {
    "name": "Must tee Trop.Fruit LIPTON p\u00fcr.20x1.8g",
    "price": "0,99 \u20ac",
    "price/unit": "(0,05 \u20ac / tk)\r\n        "
  },
  {
    "name": "Must tee ForestFruit LIPTON p\u00fcr.20x1.7g",
    "price": "1,75 \u20ac",
    "price/unit": "(0,09 \u20ac / tk)\r\n        "
  },
  {
    "name": "Must tee pleasure TESS, 25x1.5g",
    "price": "1,14 \u20ac",
    "price/unit": "(0,05 \u20ac / tk)\r\n        "
  },
  {
    "name": "Tee kingituskarp\u00a0 HYLEYS, 125g",
    "price": "3,45 \u20ac",
    "price/unit": "(27,60 \u20ac / kg)\r\n        "
  },
  {
    "name": "M.tee melissi, piparm\u00fcndigaHYLEYS25x1.5g",
    "price": "1,65 \u20ac",
    "price/unit": "(0,07 \u20ac / tk)\r\n        "
  },
  {
    "name": "Must tee Barb. Garden GREENFIELD 25x1,5g",
    "price": "1,75 \u20ac",
    "price/unit": "(0,07 \u20ac / tk)\r\n        "
  },
  {
    "name": "Must tee Lemon Spark GREENFIELD 25x1,5g",
    "price": "1,69 \u20ac",
    "price/unit": "(0,07 \u20ac / tk)\r\n        "
  },
  {
    "name": "Must tee Earl Grey GREENFIELD 100g",
    "price": "1,69 \u20ac",
    "price/unit": "(16,90 \u20ac / kg)\r\n        "
  },
  {
    "name": "Must tee Earl Grey HYLEYS,100g",
    "price": "1,79 \u20ac",
    "price/unit": "(17,90 \u20ac / kg)\r\n        "
  },
  {
    "name": "Must tee Earl Grey HYLEYS,25x2g",
    "price": "1,35 \u20ac",
    "price/unit": "(0,05 \u20ac / tk)\r\n        "
  },
  {
    "name": "Must tee Leaf of Ceylon BASILUR,100g",
    "price": "2,99 \u20ac",
    "price/unit": "(29,90 \u20ac / kg)\r\n        "
  },
  {
    "name": "Must tee mustas\u00f5stramaits.DILMAH,20x1,5g",
    "price": "1,79 \u20ac",
    "price/unit": "(0,09 \u20ac / tk)\r\n        "
  },
  {
    "name": "Must tee mustika-vanillim.DILMAH,20x1,5g",
    "price": "1,29 \u20ac",
    "price/unit": "(0,06 \u20ac / tk)\r\n        "
  },
  {
    "name": "Must tee Earl Grey DILMAH,20x1,5g",
    "price": "1,29 \u20ac",
    "price/unit": "(0,06 \u20ac / tk)\r\n        "
  },
  {
    "name": "Must tee sidrunimaits.DILMAH,20x1,5g",
    "price": "1,29 \u20ac",
    "price/unit": "(0,06 \u20ac / tk)\r\n        "
  },
  {
    "name": "Must tee ingveri-mee maits.DILMAH20x1.5g",
    "price": "1,95 \u20ac",
    "price/unit": "(0,10 \u20ac / tk)\r\n        "
  },
  {
    "name": "Must tee Earl Grey LIPTON,25x1.5g",
    "price": "1,65 \u20ac",
    "price/unit": "(0,07 \u20ac / tk)\r\n        "
  },
  {
    "name": "Must tee Earl Grey Lemon LIPTON,25x2g",
    "price": "1,09 \u20ac",
    "price/unit": "(0,04 \u20ac / tk)\r\n        "
  },
  {
    "name": "Must tee t\u00fc\u00fcmianiga HYLEYS 25x1.5g",
    "price": "1,55 \u20ac",
    "price/unit": "(0,06 \u20ac / tk)\r\n        "
  },
  {
    "name": "Must tee vaarikaga HYLEYS 25x1.5g",
    "price": "1,65 \u20ac",
    "price/unit": "(0,07 \u20ac / tk)\r\n        "
  },
  {
    "name": "Must tee kirsimaits. LIPTON p\u00fcr. 20x1,7g",
    "price": "1,75 \u20ac",
    "price/unit": "(0,09 \u20ac / tk)\r\n        "
  },
  {
    "name": "Must teeBlue.ForestGREENFIELDp\u00fcr.20x1,8g",
    "price": "2,15 \u20ac",
    "price/unit": "(0,11 \u20ac / tk)\r\n        "
  },
  {
    "name": "Must tee Rich Ceylon GREENFIELDp\u00fcr.20x2g",
    "price": "2,15 \u20ac",
    "price/unit": "(0,11 \u20ac / tk)\r\n        "
  },
  {
    "name": "Must teeRoyalEarlGreyGREENFIELDp\u00fcr.20x2g",
    "price": "2,15 \u20ac",
    "price/unit": "(0,11 \u20ac / tk)\r\n        "
  },
  {
    "name": "Must tee Barberry Garden GREENFIELD 100g",
    "price": "1,69 \u20ac",
    "price/unit": "(16,90 \u20ac / kg)\r\n        "
  },
  {
    "name": "Must tee Spring Melody GREENFIELD 100g",
    "price": "1,69 \u20ac",
    "price/unit": "(16,90 \u20ac / kg)\r\n        "
  },
  {
    "name": "Vaar.-musts\u00f5st.maits.siirupAMBROSIA500ml",
    "price": "1,35 \u20ac",
    "price/unit": "(2,70 \u20ac / l)\r\n        "
  },
  {
    "name": "Siirup HELIIS metsvaarikamaitseline500ml",
    "price": "1,29 \u20ac",
    "price/unit": "(2,58 \u20ac / l)\r\n        "
  },
  {
    "name": "Siirup HELIIS j\u00f5hvikamaitseline 500ml",
    "price": "1,29 \u20ac",
    "price/unit": "(2,58 \u20ac / l)\r\n        "
  },
  {
    "name": "Musts\u00f5strasiirup P\u00c4IKESEMARJA 1L",
    "price": "2,99 \u20ac",
    "price/unit": "(2,99 \u20ac / l)\r\n        "
  },
  {
    "name": "Vaarikamaitseline siirup GUSTA Fit 500ml",
    "price": "0,75 \u20ac",
    "price/unit": "(1,50 \u20ac / l)\r\n        "
  },
  {
    "name": "Apelsinimaits. siirup GUSTA Fit 500ml",
    "price": "0,75 \u20ac",
    "price/unit": "(1,50 \u20ac / l)\r\n        "
  },
  {
    "name": "Kannujook P\u00d5LTSAMAA j\u00f5hvika 1L",
    "price": "2,35 \u20ac",
    "price/unit": "(2,35 \u20ac / l)\r\n        "
  },
  {
    "name": "Kannujook P\u00d5LTSAMAA Mustas\u00f5s.\u00f5un.vaar.1L",
    "price": "2,35 \u20ac",
    "price/unit": "(2,35 \u20ac / l)\r\n        "
  },
  {
    "name": "Kirsimaitseline siirup GUSTA FIT 1L",
    "price": "0,65 \u20ac",
    "price/unit": "(0,65 \u20ac / l)\r\n        "
  },
  {
    "name": "Maasikamaitseline siirup GUSTA FIT 1L",
    "price": "0,65 \u20ac",
    "price/unit": "(0,65 \u20ac / l)\r\n        "
  },
  {
    "name": "Siirup Limonaadi 750ml",
    "price": "1,29 \u20ac",
    "price/unit": "(1,72 \u20ac / l)\r\n        "
  },
  {
    "name": "Pirnimaitseline siirup 750ml",
    "price": "1,59 \u20ac",
    "price/unit": "(2,12 \u20ac / l)\r\n        "
  },
  {
    "name": "Kannujook P\u00d5LTSAMAA viinamarja-ploomi 1l",
    "price": "2,35 \u20ac",
    "price/unit": "(2,35 \u20ac / l)\r\n        "
  },
  {
    "name": "Siirup VALGE KLAAR 0,75L pet",
    "price": "1,39 \u20ac",
    "price/unit": "(1,85 \u20ac / l)\r\n        "
  },
  {
    "name": "Tomatimahl CIDO XL 1.5L",
    "price": "1,19 \u20ac",
    "price/unit": "(0,79 \u20ac / l)\r\n        "
  },
  {
    "name": "Apelsinimahl AURA 1L",
    "price": "1,19 \u20ac",
    "price/unit": "(1,19 \u20ac / l)\r\n        "
  },
  {
    "name": "Tomatimahl AURA 1L",
    "price": "0,92 \u20ac",
    "price/unit": "(0,92 \u20ac / l)\r\n        "
  },
  {
    "name": "Multinektar AURA 1L",
    "price": "1,17 \u20ac",
    "price/unit": "(1,17 \u20ac / l)\r\n        "
  },
  {
    "name": "\u00d5unamahl AURA 100% 1L",
    "price": "0,99 \u20ac",
    "price/unit": "(0,99 \u20ac / l)\r\n        "
  },
  {
    "name": "Ploominektar AURA 1L",
    "price": "0,97 \u20ac",
    "price/unit": "(0,97 \u20ac / l)\r\n        "
  },
  {
    "name": "J\u00f5hvikajook AURA 1L",
    "price": "0,99 \u20ac",
    "price/unit": "(0,99 \u20ac / l)\r\n        "
  },
  {
    "name": "Virsikunektar  AURA 1L",
    "price": "0,97 \u20ac",
    "price/unit": "(0,97 \u20ac / l)\r\n        "
  },
  {
    "name": "Apelsinimahl CIDO 1L",
    "price": "1,45 \u20ac",
    "price/unit": "(1,45 \u20ac / l)\r\n        "
  },
  {
    "name": "Tomatimahl CIDO  1L",
    "price": "0,99 \u20ac",
    "price/unit": "(0,99 \u20ac / l)\r\n        "
  },
  {
    "name": "Viinamarjanektar CIDO 1L",
    "price": "1,29 \u20ac",
    "price/unit": "(1,29 \u20ac / l)\r\n        "
  },
  {
    "name": "Ploominektar CIDO 1L",
    "price": "1,25 \u20ac",
    "price/unit": "(1,25 \u20ac / l)\r\n        "
  },
  {
    "name": "Ploominektar 3L",
    "price": "2,99 \u20ac",
    "price/unit": "(1,00 \u20ac / l)\r\n        "
  },
  {
    "name": "Aprikoosinektar VITA 1L",
    "price": "1,35 \u20ac",
    "price/unit": "(1,35 \u20ac / l)\r\n        "
  },
  {
    "name": "Tomatimahl VITA 1L",
    "price": " + 0,10 \u20ac pant",
    "price/unit": "(1,35 \u20ac / l)\r\n        "
  },
  {
    "name": "Multijook LIMPA 200ml",
    "price": "1,35 \u20ac",
    "price/unit": "(1,65 \u20ac / l)\r\n        "
  },
  {
    "name": "\u00d5una ja kirsijook LIMPA 200ml",
    "price": " + 0,10 \u20ac pant",
    "price/unit": "(1,65 \u20ac / l)\r\n        "
  },
  {
    "name": "\u00d5unamahl VITA 1L",
    "price": "0,33 \u20ac",
    "price/unit": "(1,35 \u20ac / l)\r\n        "
  },
  {
    "name": "K\u00f6\u00f6giviljamahl CIDO 1L",
    "price": "0,33 \u20ac",
    "price/unit": "(1,19 \u20ac / l)\r\n        "
  },
  {
    "name": "Granaat\u00f5unanektar 4U 100% 1L",
    "price": "1,35 \u20ac",
    "price/unit": "(3,15 \u20ac / l)\r\n        "
  },
  {
    "name": "Spordijook ARCTIC Sport greibimaits.1.5L",
    "price": " + 0,10 \u20ac pant",
    "price/unit": "(0,97 \u20ac / l)\r\n        "
  },
  {
    "name": "Mangonektar COMPAL Classico 1L",
    "price": "1,19 \u20ac",
    "price/unit": "(1,65 \u20ac / l)\r\n        "
  },
  {
    "name": "Anan-kookosemaits.nektar COMPAL Light 1L",
    "price": "3,15 \u20ac",
    "price/unit": "(1,65 \u20ac / l)\r\n        "
  },
  {
    "name": "Multimahlajook P\u00d5LTSAMAA 1L",
    "price": "1,45 \u20ac",
    "price/unit": "(1,07 \u20ac / l)\r\n        "
  },
  {
    "name": "Apelsinimahl P\u00d5LTSAMAA 1L",
    "price": " + 0,10 \u20ac pant",
    "price/unit": "(1,19 \u20ac / l)\r\n        "
  },
  {
    "name": "Tomatimahl P\u00d5LTSAMAA 1L",
    "price": "1,65 \u20ac",
    "price/unit": "(0,89 \u20ac / l)\r\n        "
  },
  {
    "name": "\u00d5unamahl P\u00d5LTSAMAA 1L",
    "price": "1,65 \u20ac",
    "price/unit": "(1,09 \u20ac / l)\r\n        "
  },
  {
    "name": "Ploominektar P\u00d5LTSAMAA 1L",
    "price": "1,07 \u20ac",
    "price/unit": "(0,87 \u20ac / l)\r\n        "
  },
  {
    "name": "J\u00f5hvikajook P\u00d5LTSAMAA 1L",
    "price": "1,19 \u20ac",
    "price/unit": "(0,87 \u20ac / l)\r\n        "
  },
  {
    "name": "Mustika-\u00f5unajook P\u00d5LTSAMAA 1L",
    "price": "0,89 \u20ac",
    "price/unit": "(0,97 \u20ac / l)\r\n        "
  },
  {
    "name": "Mahlajook SURPRISE Disney 0,3l",
    "price": "1,09 \u20ac",
    "price/unit": "(4,30 \u20ac / l)\r\n        "
  },
  {
    "name": "Punase greibi nektar AURA 1L",
    "price": "0,87 \u20ac",
    "price/unit": "(0,97 \u20ac / l)\r\n        "
  },
  {
    "name": "\u00d5unamahl MAXIMA Favorit 1L",
    "price": "0,87 \u20ac",
    "price/unit": "(0,99 \u20ac / l)\r\n        "
  },
  {
    "name": "Apelsinimahl MAXIMA Favorit 1L",
    "price": "0,97 \u20ac",
    "price/unit": "(0,99 \u20ac / l)\r\n        "
  },
  {
    "name": "Tomatimahl MAXIMA Favorit 1L",
    "price": "1,29 \u20ac",
    "price/unit": "(0,79 \u20ac / l)\r\n        "
  },
  {
    "name": "Puuviljanektar MAXIMA Favorit 1L",
    "price": " + 0,10 \u20ac pant",
    "price/unit": "(0,99 \u20ac / l)\r\n        "
  },
  {
    "name": "\u00d5unamahl VITA  1L",
    "price": "0,97 \u20ac",
    "price/unit": "(1,09 \u20ac / l)\r\n        "
  },
  {
    "name": "\u00d5unamahl PURE 100% 1L",
    "price": "0,99 \u20ac",
    "price/unit": "(1,89 \u20ac / l)\r\n        "
  },
  {
    "name": "Apelsinimahl PURE 100% 1L",
    "price": "0,99 \u20ac",
    "price/unit": "(2,19 \u20ac / l)\r\n        "
  },
  {
    "name": "Ploomi nektar NATURALIS 1L",
    "price": "0,79 \u20ac",
    "price/unit": "(0,75 \u20ac / l)\r\n        "
  },
  {
    "name": "Multimahlajook SURPRISE,300ml",
    "price": "0,99 \u20ac",
    "price/unit": "(4,17 \u20ac / l)\r\n        "
  },
  {
    "name": "\u00d5una-viinamarjanektar NATURALIS 1L",
    "price": "1,09 \u20ac",
    "price/unit": "(0,75 \u20ac / l)\r\n        "
  },
  {
    "name": "Virsiku nektar NATURALIS 1L",
    "price": "1,89 \u20ac",
    "price/unit": "(0,75 \u20ac / l)\r\n        "
  },
  {
    "name": "Magus apelsininektar AURA 1L",
    "price": " + 0,10 \u20ac pant",
    "price/unit": "(1,17 \u20ac / l)\r\n        "
  },
  {
    "name": "Apelsinimahl LARGO 1L",
    "price": "2,19 \u20ac",
    "price/unit": "(1,19 \u20ac / l)\r\n        "
  },
  {
    "name": "Tomatimahl LARGO 1L",
    "price": " + 0,10 \u20ac pant",
    "price/unit": "(0,99 \u20ac / l)\r\n        "
  },
  {
    "name": "\u00d5unamahl LARGO 1L",
    "price": "0,75 \u20ac",
    "price/unit": "(1,15 \u20ac / l)\r\n        "
  },
  {
    "name": "Ananassimahl LARGO 1L",
    "price": "1,25 \u20ac",
    "price/unit": "(1,89 \u20ac / l)\r\n        "
  },
  {
    "name": "Kirsimahlajook LARGO 1L",
    "price": " + 0,10 \u20ac pant",
    "price/unit": "(1,05 \u20ac / l)\r\n        "
  },
  {
    "name": "Tomatimahl NATURALIS 1L",
    "price": "0,75 \u20ac",
    "price/unit": "(0,75 \u20ac / l)\r\n        "
  },
  {
    "name": "Karastusjook SPRITE 2L",
    "price": "1,69 \u20ac",
    "price/unit": "(0,85 \u20ac / l)\r\n        "
  },
  {
    "name": "Karastusjook COCA-COLA 2L",
    "price": " + 0,10 \u20ac pant",
    "price/unit": "(0,81 \u20ac / l)\r\n        "
  },
  {
    "name": "Karastusjook SPRITE 500ml",
    "price": "1,61 \u20ac",
    "price/unit": "(1,64 \u20ac / l)\r\n        "
  },
  {
    "name": "J\u00e4\u00e4tee LIPTON sidruni 1,5L",
    "price": " + 0,10 \u20ac pant",
    "price/unit": "(0,77 \u20ac / l)\r\n        "
  },
  {
    "name": "Karastusjook LIMONAAD traditsioon. 500ml",
    "price": "0,82 \u20ac",
    "price/unit": "(1,30 \u20ac / l)\r\n        "
  },
  {
    "name": "Karastusjook FANTA apelsini 500ml",
    "price": " + 0,10 \u20ac pant",
    "price/unit": "(1,64 \u20ac / l)\r\n        "
  },
  {
    "name": "Karastusjook COCA-COLA 500ml",
    "price": "1,15 \u20ac",
    "price/unit": "(1,46 \u20ac / l)\r\n        "
  },
  {
    "name": "Karastusjook ORIGINAL Taste COLA 2L",
    "price": " + 0,10 \u20ac pant",
    "price/unit": "(0,55 \u20ac / l)\r\n        "
  },
  {
    "name": "Karastusjook M\u00d5MMI traditsiooniline 2L",
    "price": "0,65 \u20ac",
    "price/unit": "(0,49 \u20ac / l)\r\n        "
  },
  {
    "name": "Karastusjook PEPSI Max 500ml",
    "price": " + 0,10 \u20ac pant",
    "price/unit": "(1,18 \u20ac / l)\r\n        "
  },
  {
    "name": "Karb-ta vesi VICHY Fr.s.-laimimaits1.5L",
    "price": "0,82 \u20ac",
    "price/unit": "(0,65 \u20ac / l)\r\n        "
  },
  {
    "name": "Karastusjook KELLUKE sidrunimaits. 500ml",
    "price": " + 0,10 \u20ac pant",
    "price/unit": "(1,30 \u20ac / l)\r\n        "
  },
  {
    "name": "Karastusjook Limonaad traditsioon. 1,5L",
    "price": "0,73 \u20ac",
    "price/unit": "(0,59 \u20ac / l)\r\n        "
  },
  {
    "name": "Karastusjook KELLUKE sidrunimaits. 1.5L",
    "price": " + 0,10 \u20ac pant",
    "price/unit": "(0,63 \u20ac / l)\r\n        "
  },
  {
    "name": "Toonik A. LE COQ Greibi 1.5L",
    "price": "1,09 \u20ac",
    "price/unit": "(0,57 \u20ac / l)\r\n        "
  },
  {
    "name": "Karastusjook COCA-COLA Zero 500ml",
    "price": " + 0,10 \u20ac pant",
    "price/unit": "(1,46 \u20ac / l)\r\n        "
  },
  {
    "name": "J\u00e4\u00e4tee LIPTON Roheline j\u00e4\u00e4tee 1,5 L",
    "price": "0,97 \u20ac",
    "price/unit": "(0,77 \u20ac / l)\r\n        "
  },
  {
    "name": "Kali A. LE COQ KLASSIKALINE 1L",
    "price": " + 0,10 \u20ac pant",
    "price/unit": "(0,99 \u20ac / l)\r\n        "
  },
  {
    "name": "Kaljamaitseline kar.jook LINNUSE 2.0L",
    "price": "0,59 \u20ac",
    "price/unit": "(0,59 \u20ac / l)\r\n        "
  },
  {
    "name": "Karastusjook BAIKAL 2L,pet",
    "price": " + 0,10 \u20ac pant",
    "price/unit": "(0,85 \u20ac / l)\r\n        "
  },
  {
    "name": "Karastusjook TARHUN 2L,pet",
    "price": "0,97 \u20ac",
    "price/unit": "(0,85 \u20ac / l)\r\n        "
  },
  {
    "name": "Kali A. LE COQ KLASSIKALINE 2L",
    "price": " + 0,10 \u20ac pant",
    "price/unit": "(0,75 \u20ac / l)\r\n        "
  },
  {
    "name": "Karastusjook \u00f5unamah-ga VALGE KLAAR500ml",
    "price": "0,65 \u20ac",
    "price/unit": "(1,30 \u20ac / l)\r\n        "
  },
  {
    "name": "Karastusjook \u00f5unamah-ga VALGE KLAAR 1.5L",
    "price": " + 0,10 \u20ac pant",
    "price/unit": "(0,63 \u20ac / l)\r\n        "
  },
  {
    "name": "Joogivesi AURA Fruit Sidruni ga-tud500ml",
    "price": "0,89 \u20ac",
    "price/unit": "(1,18 \u20ac / l)\r\n        "
  },
  {
    "name": "Joogivesi AURA Fruit Sidruni ga-tud 1,5l",
    "price": " + 0,10 \u20ac pant",
    "price/unit": "(0,62 \u20ac / l)\r\n        "
  },
  {
    "name": "Karastusjook RC COLA 1.5L",
    "price": "0,95 \u20ac",
    "price/unit": "(0,63 \u20ac / l)\r\n        "
  },
  {
    "name": "Kar.jook SANPELLEGRINO Aranciata 330ml",
    "price": " + 0,10 \u20ac pant",
    "price/unit": "(3,00 \u20ac / l)\r\n        "
  },
  {
    "name": "Kar.jook SANPELLEGRINO Limonata 330ml",
    "price": "0,85 \u20ac",
    "price/unit": "(3,00 \u20ac / l)\r\n        "
  },
  {
    "name": "Tume kali A.LE COQ kuni 0.5% 1L",
    "price": " + 0,10 \u20ac pant",
    "price/unit": "(0,99 \u20ac / l)\r\n        "
  },
  {
    "name": "Kali A. LE COQ Klassikaline 500ml",
    "price": "0,73 \u20ac",
    "price/unit": "(1,38 \u20ac / l)\r\n        "
  },
  {
    "name": "Vesi AURA FRUIT Mustikas 1.5l",
    "price": " + 0,10 \u20ac pant",
    "price/unit": "(0,62 \u20ac / l)\r\n        "
  },
  {
    "name": "Karastusjook ZET ROCK'S Sidr.maits.2L",
    "price": "1,15 \u20ac",
    "price/unit": "(0,25 \u20ac / l)\r\n        "
  },
  {
    "name": "Karastusjook ZET ROCK'S Pirnimaits.2L",
    "price": " + 0,10 \u20ac pant",
    "price/unit": "(0,25 \u20ac / l)\r\n        "
  },
  {
    "name": "Vesi AURA FRUIT Mustikas 500ml",
    "price": "0,99 \u20ac",
    "price/unit": "(1,18 \u20ac / l)\r\n        "
  },
  {
    "name": "Lauavesi VICHY Fresh or.-mango 1,5l",
    "price": " + 0,10 \u20ac pant",
    "price/unit": "(0,65 \u20ac / l)\r\n        "
  },
  {
    "name": "Karastusjook MIO Maasika 330ml,prk",
    "price": "1,17 \u20ac",
    "price/unit": "(2,88 \u20ac / l)\r\n        "
  },
  {
    "name": "Karastusjook FANTA Shokata 500ml",
    "price": " + 0,10 \u20ac pant",
    "price/unit": "(1,46 \u20ac / l)\r\n        "
  },
  {
    "name": "Joogivesi VICHY Fresh Bubbles Apple1.5L",
    "price": "1,69 \u20ac",
    "price/unit": "(0,58 \u20ac / l)\r\n        "
  },
  {
    "name": "Karastusjook MIO Musts\u00f5stra 330 ml",
    "price": " + 0,10 \u20ac pant",
    "price/unit": "(2,88 \u20ac / l)\r\n        "
  },
  {
    "name": "Karastusjook LIMONAAD Tradit.0.5l*6pakk",
    "price": "1,69 \u20ac",
    "price/unit": "(0,62 \u20ac / l)\r\n        "
  },
  {
    "name": "Kali TANHEISER Originaal 1.5L",
    "price": " + 0,10 \u20ac pant",
    "price/unit": "(0,86 \u20ac / l)\r\n        "
  },
  {
    "name": "Karb.-tud karastusjook 7UP 1,5L PET",
    "price": "1,49 \u20ac",
    "price/unit": "(0,50 \u20ac / l)\r\n        "
  },
  {
    "name": "Karastusjook MIRINDA ORANGE  1,5L PET",
    "price": " + 0,10 \u20ac pant",
    "price/unit": "(0,50 \u20ac / l)\r\n        "
  },
  {
    "name": "Karastusjook PEPSI MAX 1,5L PET",
    "price": "0,65 \u20ac",
    "price/unit": "(0,50 \u20ac / l)\r\n        "
  },
  {
    "name": "Karastusjook COCA-COLA ZERO 2L",
    "price": " + 0,10 \u20ac pant",
    "price/unit": "(0,85 \u20ac / l)\r\n        "
  },
  {
    "name": "Karastusjook FANTA Apelsini 2L",
    "price": "0,95 \u20ac",
    "price/unit": "(0,85 \u20ac / l)\r\n        "
  },
  {
    "name": "Karastusjook PEPSI COLA 1,5L",
    "price": " + 0,10 \u20ac pant",
    "price/unit": "(0,50 \u20ac / l)\r\n        "
  },
  {
    "name": "Kar.jook Kane\u00b4s Carmel Valley Chop 330ml",
    "price": "0,59 \u20ac",
    "price/unit": "(1,97 \u20ac / l)\r\n        "
  },
  {
    "name": "Kar.jook Kane\u00b4s Penn Valley Peel 330ml",
    "price": " + 0,10 \u20ac pant",
    "price/unit": "(1,97 \u20ac / l)\r\n        "
  },
  {
    "name": "Lauavesi VICHY Classigue ga-tud 500ml",
    "price": "0,39 \u20ac",
    "price/unit": "(0,78 \u20ac / l)\r\n        "
  },
  {
    "name": "Lauavesi VICHY Classique g-tud 1,5L",
    "price": " + 0,10 \u20ac pant",
    "price/unit": "(0,39 \u20ac / l)\r\n        "
  },
  {
    "name": "Lauavesi VICHYClassique sidr.maits. 1,5L",
    "price": "0,59 \u20ac",
    "price/unit": "(0,46 \u20ac / l)\r\n        "
  },
  {
    "name": "Mineraalvesi VITTEL 500ml",
    "price": " + 0,10 \u20ac pant",
    "price/unit": "(1,50 \u20ac / l)\r\n        "
  },
  {
    "name": "Mineraalvesi VITTEL Sport Cap 750ml",
    "price": "0,69 \u20ac",
    "price/unit": "(1,40 \u20ac / l)\r\n        "
  },
  {
    "name": "Mineraalvesi VITTEL 1.5L,g-ta",
    "price": " + 0,10 \u20ac pant",
    "price/unit": "(0,86 \u20ac / l)\r\n        "
  },
  {
    "name": "Mineraalvesi EVIAN 500ml",
    "price": "0,75 \u20ac",
    "price/unit": "(1,58 \u20ac / l)\r\n        "
  },
  {
    "name": "Lauavesi VICHYClassigue sidr.maits.500ml",
    "price": " + 0,10 \u20ac pant",
    "price/unit": "(0,78 \u20ac / l)\r\n        "
  },
  {
    "name": "Mineraalvesi EVIAN 1.5L",
    "price": "1,05 \u20ac",
    "price/unit": "(0,93 \u20ac / l)\r\n        "
  },
  {
    "name": "Mineraalvesi VYTAUTAS 500ml",
    "price": " + 0,10 \u20ac pant",
    "price/unit": "(1,08 \u20ac / l)\r\n        "
  },
  {
    "name": "Lauavesi VICHY Still 1,5L",
    "price": "1,29 \u20ac",
    "price/unit": "(0,39 \u20ac / l)\r\n        "
  },
  {
    "name": "Lauavesi VICHY Still 500ml",
    "price": " + 0,10 \u20ac pant",
    "price/unit": "(0,78 \u20ac / l)\r\n        "
  },
  {
    "name": "Vesi AURA PLUS sidrunimaits.1.5L",
    "price": "0,79 \u20ac",
    "price/unit": "(0,46 \u20ac / l)\r\n        "
  },
  {
    "name": "Mineraalvesi V\u00c4RSKA originaal 1.5L",
    "price": " + 0,10 \u20ac pant",
    "price/unit": "(0,66 \u20ac / l)\r\n        "
  },
  {
    "name": "Mineraalvesi V\u00c4RSKA originaal 500ml",
    "price": "0,39 \u20ac",
    "price/unit": "(1,38 \u20ac / l)\r\n        "
  },
  {
    "name": "Vesi AURA PLUS pohlamaits. 1.5L",
    "price": " + 0,10 \u20ac pant",
    "price/unit": "(0,46 \u20ac / l)\r\n        "
  },
  {
    "name": "Vesi AURA PLUS sidr.maits. 500ml",
    "price": "1,39 \u20ac",
    "price/unit": "(0,90 \u20ac / l)\r\n        "
  },
  {
    "name": "Vesi AURA PLUS pohlamaits. 500ml",
    "price": " + 0,10 \u20ac pant",
    "price/unit": "(0,90 \u20ac / l)\r\n        "
  },
  {
    "name": "Vesi AURA Spring gaasita 1,5L",
    "price": "0,54 \u20ac",
    "price/unit": "(0,39 \u20ac / l)\r\n        "
  },
  {
    "name": "Min.-tud vesi V\u00c4RSKA 1,5L",
    "price": " + 0,10 \u20ac pant",
    "price/unit": "(0,53 \u20ac / l)\r\n        "
  },
  {
    "name": "Joogivesi AURA kerg.,ga-tud 1.5L",
    "price": "0,59 \u20ac",
    "price/unit": "(0,39 \u20ac / l)\r\n        "
  },
  {
    "name": "Joogivesi SAAREMAA Vesi 5l",
    "price": " + 0,10 \u20ac pant",
    "price/unit": "(0,19 \u20ac / l)\r\n        "
  },
  {
    "name": "Allikavesi NOVELLE 500ml",
    "price": "0,39 \u20ac",
    "price/unit": "(1,38 \u20ac / l)\r\n        "
  },
  {
    "name": "Joogivesi SAAREMAA gas-ud 500ml",
    "price": " + 0,10 \u20ac pant",
    "price/unit": "(0,70 \u20ac / l)\r\n        "
  },
  {
    "name": "Joogivesi SAAREMAA 500ml",
    "price": "0,69 \u20ac",
    "price/unit": "(0,70 \u20ac / l)\r\n        "
  },
  {
    "name": "Gaseeritud vesi SAAREMAA 1,5L",
    "price": " + 0,10 \u20ac pant",
    "price/unit": "(0,32 \u20ac / l)\r\n        "
  },
  {
    "name": "Joogivesi SAAREMAA 1.5L",
    "price": "0,99 \u20ac",
    "price/unit": "(0,33 \u20ac / l)\r\n        "
  },
  {
    "name": "Mineraalvesi SAN PELLEGRINO 1L ,g-tud",
    "price": " + 0,10 \u20ac pant",
    "price/unit": "(0,99 \u20ac / l)\r\n        "
  },
  {
    "name": "Joogivesi SAAREMAA sidr.maitseline 500ml",
    "price": "0,69 \u20ac",
    "price/unit": "(0,70 \u20ac / l)\r\n        "
  },
  {
    "name": "Joogivesi SAAREMAA sidr.maitseline 1.5L",
    "price": " + 0,10 \u20ac pant",
    "price/unit": "(0,33 \u20ac / l)\r\n        "
  },
  {
    "name": "Mineraalvesi V\u00c4RSKA Originaal g-ta,1.5l",
    "price": "0,69 \u20ac",
    "price/unit": "(0,66 \u20ac / l)\r\n        "
  },
  {
    "name": "Karb-tud lood.min.vesi V\u00c4RSKA 1L",
    "price": " + 0,10 \u20ac pant",
    "price/unit": "(0,99 \u20ac / l)\r\n        "
  },
  {
    "name": "Mineraalvesi V\u00c4RSKA 1.9L, g-ta",
    "price": "0,45 \u20ac",
    "price/unit": "(0,52 \u20ac / l)\r\n        "
  },
  {
    "name": "Mineraalvesi V\u00c4RSKA 1.9L, g-tud",
    "price": " + 0,10 \u20ac pant",
    "price/unit": "(0,52 \u20ac / l)\r\n        "
  },
  {
    "name": "Mineraalvesi H\u00c4\u00c4DEMEESTE gas-tud 1l",
    "price": "0,45 \u20ac",
    "price/unit": "(0,79 \u20ac / l)\r\n        "
  },
  {
    "name": "Mineraalvesi V\u00c4RSKA originaal 1l",
    "price": " + 0,10 \u20ac pant",
    "price/unit": "(0,79 \u20ac / l)\r\n        "
  },
  {
    "name": "Lauavesi SULIKO karboniseeritud 1,5l",
    "price": "0,59 \u20ac",
    "price/unit": "(0,39 \u20ac / l)\r\n        "
  },
  {
    "name": "Mineraalvesi VYTAUTAS karb-tud 1.25L",
    "price": " + 0,10 \u20ac pant",
    "price/unit": "(0,54 \u20ac / l)\r\n        "
  },
  {
    "name": "Mineraalvesi NORVIL gaseeritud ,1,5L",
    "price": "0,79 \u20ac",
    "price/unit": "(0,26 \u20ac / l)\r\n        "
  },
  {
    "name": "Mineraalvesi BORJOMI karb-tud 1L",
    "price": " + 0,10 \u20ac pant",
    "price/unit": "(1,46 \u20ac / l)\r\n        "
  },
  {
    "name": "Mineraalvesi BORJOMI karb-tud 500ml pet",
    "price": "0,59 \u20ac",
    "price/unit": "(1,78 \u20ac / l)\r\n        "
  },
  {
    "name": "Mineraalvesi BORJOMI karb-tud 500ml",
    "price": " + 0,10 \u20ac pant",
    "price/unit": "(1,98 \u20ac / l)\r\n        "
  },
  {
    "name": "Lauav.min.ainetega ESSENTUKY 17 1L,g-tud",
    "price": "0,97 \u20ac",
    "price/unit": "(0,87 \u20ac / l)\r\n        "
  },
  {
    "name": "Lauav.min.ainetega ESSENTUKY 4 1L,ga-tud",
    "price": "0,69 \u20ac",
    "price/unit": "(0,87 \u20ac / l)\r\n        "
  },
  {
    "name": "Allikavesi V\u00c4RSKA 1,5l PET,g-tud",
    "price": " + 0,10 \u20ac pant",
    "price/unit": "(0,53 \u20ac / l)\r\n        "
  },
  {
    "name": "Allikavesi V\u00c4RSKA 1,5l PET,gas-ta",
    "price": "0,35 \u20ac",
    "price/unit": "(0,53 \u20ac / l)\r\n        "
  },
  {
    "name": "Min.vesi SANT'ANNA gaseerimata 0.5L",
    "price": " + 0,10 \u20ac pant",
    "price/unit": "(0,78 \u20ac / l)\r\n        "
  },
  {
    "name": "Min.vesi ACQUA PANNA gas-ta 1L",
    "price": "0,35 \u20ac",
    "price/unit": "(0,99 \u20ac / l)\r\n        "
  },
  {
    "name": "Mineraalvesi FONT D'OR 1.5L, g-ta",
    "price": " + 0,10 \u20ac pant",
    "price/unit": "(0,57 \u20ac / l)\r\n        "
  },
  {
    "name": "Mineraalvesi FONT D'OR 500ml, g-ta",
    "price": "0,48 \u20ac",
    "price/unit": "(1,10 \u20ac / l)\r\n        "
  },
  {
    "name": "Kohviuba Arabica PAULIG 1kg",
    "price": "8,49 \u20ac",
    "price/unit": "(8,49 \u20ac / kg)\r\n        "
  },
  {
    "name": "Kohviuba Espresso LAVAZZA 250g",
    "price": "6,09 \u20ac",
    "price/unit": "(24,36 \u20ac / kg)\r\n        "
  },
  {
    "name": "Kohvioad Qualita Rossa LAVAZZA 1kg",
    "price": "19,99 \u20ac",
    "price/unit": "(19,99 \u20ac / kg)\r\n        "
  },
  {
    "name": "Kohvioad Gran Crema LAVAZZA, 1kg",
    "price": "12,99 \u20ac",
    "price/unit": "(12,99 \u20ac / kg)\r\n        "
  },
  {
    "name": "Kohvioad Qualita Oro LAVAZZA 1kg",
    "price": "24,99 \u20ac",
    "price/unit": "(24,99 \u20ac / kg)\r\n        "
  },
  {
    "name": "Kohviuba LAVAZZA Crema e Aroma,1kg",
    "price": "9,99 \u20ac",
    "price/unit": "(9,99 \u20ac / kg)\r\n        "
  },
  {
    "name": "Kohvioad Classic PAULIG 1kg",
    "price": "13,65 \u20ac",
    "price/unit": "(13,65 \u20ac / kg)\r\n        "
  },
  {
    "name": "Kohvioad Espresso 1kg",
    "price": "8,79 \u20ac",
    "price/unit": "(8,79 \u20ac / kg)\r\n        "
  },
  {
    "name": "Kohvioad Espresso Casa SEGAFREDO 1kg",
    "price": "12,69 \u20ac",
    "price/unit": "(12,69 \u20ac / kg)\r\n        "
  },
  {
    "name": "Kohvioad Espresso d'Oro DALLMAYR 1kg",
    "price": "15,29 \u20ac",
    "price/unit": "(15,29 \u20ac / kg)\r\n        "
  },
  {
    "name": "Kohvioad Crema d'Oro DALLMAYR 1kg",
    "price": "15,29 \u20ac",
    "price/unit": "(15,29 \u20ac / kg)\r\n        "
  },
  {
    "name": "Kohviuba Gran Aroma Bar LAVAZZA 1kg",
    "price": "11,99 \u20ac",
    "price/unit": "(11,99 \u20ac / kg)\r\n        "
  },
  {
    "name": "Kohvioad Gourmet MONTE PERO 1kg",
    "price": "8,99 \u20ac",
    "price/unit": "(8,99 \u20ac / kg)\r\n        "
  },
  {
    "name": "Kohvioad Arabica Dark PAULIG 1kg",
    "price": "8,49 \u20ac",
    "price/unit": "(8,49 \u20ac / kg)\r\n        "
  },
  {
    "name": "Kohvioad Ethiopia DALLMAYR 500g",
    "price": "9,29 \u20ac",
    "price/unit": "(18,58 \u20ac / kg)\r\n        "
  },
  {
    "name": "Kohvioad Espresso MERRILD 1kg",
    "price": "9,99 \u20ac",
    "price/unit": "(9,99 \u20ac / kg)\r\n        "
  },
  {
    "name": "Kohvioad Arabica MERRILD 1kg",
    "price": "14,89 \u20ac",
    "price/unit": "(14,89 \u20ac / kg)\r\n        "
  },
  {
    "name": "Kohvioad Tiramisu COFFEESTAR 200g",
    "price": "4,15 \u20ac",
    "price/unit": "(20,75 \u20ac / kg)\r\n        "
  },
  {
    "name": "Kohvioad Ipanema Blend COFFEESTAR 1kg",
    "price": "13,25 \u20ac",
    "price/unit": "(13,25 \u20ac / kg)\r\n        "
  },
  {
    "name": "Kohvioad Espresso COFFEESTAR 1kg",
    "price": "16,39 \u20ac",
    "price/unit": "(16,39 \u20ac / kg)\r\n        "
  },
  {
    "name": "Kohvioad Cr\u00e8me Brulee COFFEESTAR 200g",
    "price": "4,15 \u20ac",
    "price/unit": "(20,75 \u20ac / kg)\r\n        "
  },
  {
    "name": "Kohvioad Kr\u00f6nung JACOBS 1 kg",
    "price": "12,89 \u20ac",
    "price/unit": "(12,89 \u20ac / kg)\r\n        "
  },
  {
    "name": "Kohvioad Espresso JACOBS 1 kg",
    "price": "14,69 \u20ac",
    "price/unit": "(14,69 \u20ac / kg)\r\n        "
  },
  {
    "name": "Kohvioad Crema JACOBS 1 kg",
    "price": "14,69 \u20ac",
    "price/unit": "(14,69 \u20ac / kg)\r\n        "
  },
  {
    "name": "Kohvioad Classique L'OR 500g",
    "price": "8,99 \u20ac",
    "price/unit": "(17,98 \u20ac / kg)\r\n        "
  },
  {
    "name": "Kohvioad Profond Crema Absolu L'OR 500g",
    "price": "8,99 \u20ac",
    "price/unit": "(17,98 \u20ac / kg)\r\n        "
  },
  {
    "name": "Kohvioad Forza L'OR 500g",
    "price": "8,99 \u20ac",
    "price/unit": "(17,98 \u20ac / kg)\r\n        "
  },
  {
    "name": "J\u00e4\u00e4kuubikud BALBIINO 1kg",
    "price": "0,95 \u20ac",
    "price/unit": "(0,95 \u20ac / kg)\r\n        "
  },
  {
    "name": "K\u00fclm. kartuli-seenevareenikud UVIC, 700g",
    "price": "1,99 \u20ac",
    "price/unit": "(2,84 \u20ac / kg)\r\n        "
  },
  {
    "name": "Pikk sai maitseroh.EESTI PAGAR,175gk\u00fclm.",
    "price": "0,86 \u20ac",
    "price/unit": "(4,91 \u20ac / kg)\r\n        "
  },
  {
    "name": "Pikk sai k\u00fc\u00fcsalug.EESTI PAGAR,175g k\u00fclm.",
    "price": "0,86 \u20ac",
    "price/unit": "(4,91 \u20ac / kg)\r\n        "
  },
  {
    "name": "K\u00fclm. vareenikud kohupiim.IVAN Kaz. 500g",
    "price": "2,29 \u20ac",
    "price/unit": "(4,58 \u20ac / kg)\r\n        "
  },
  {
    "name": "K\u00fclm.vareenikud IVAN Kuban. (kirsi),500g",
    "price": "2,25 \u20ac",
    "price/unit": "(4,50 \u20ac / kg)\r\n        "
  },
  {
    "name": "Lihapirukas  EESTI PAGAR,400g k\u00fclmutatud",
    "price": "2,21 \u20ac",
    "price/unit": "(5,53 \u20ac / kg)\r\n        "
  },
  {
    "name": "Peekoni-munap.  EESTI PAGAR, 390g k\u00fclm.",
    "price": "2,05 \u20ac",
    "price/unit": "(5,26 \u20ac / kg)\r\n        "
  },
  {
    "name": "Kaneelisaiake EESTI PAGAR,320g k\u00fclmut.",
    "price": "1,69 \u20ac",
    "price/unit": "(5,28 \u20ac / kg)\r\n        "
  },
  {
    "name": "Vaniljesaiake EESTI PAGAR, 400g k\u00fclm.",
    "price": "1,85 \u20ac",
    "price/unit": "(4,63 \u20ac / kg)\r\n        "
  },
  {
    "name": "Suitsukanapirukas EESTI PAGAR,360g k\u00fclm.",
    "price": "2,24 \u20ac",
    "price/unit": "(6,22 \u20ac / kg)\r\n        "
  },
  {
    "name": "Viineripirukas sinepi-kurgit.,390g k\u00fclm.",
    "price": "2,24 \u20ac",
    "price/unit": "(5,74 \u20ac / kg)\r\n        "
  },
  {
    "name": "K\u00fclm. minit\u0161eburekid PEALINNA 350g",
    "price": "1,89 \u20ac",
    "price/unit": "(5,40 \u20ac / kg)\r\n        "
  },
  {
    "name": "K\u00fclm. paneeritud juust PEALINNA 200g",
    "price": "2,29 \u20ac",
    "price/unit": "(11,45 \u20ac / kg)\r\n        "
  },
  {
    "name": "K\u00fclm.singi-juustupirukas EESTI PAGAR",
    "price": "2,34 \u20ac",
    "price/unit": "(6,50 \u20ac / kg)\r\n        "
  },
  {
    "name": "K\u00fclm. juusturull EESTI PAGAR, 400g",
    "price": "2,39 \u20ac",
    "price/unit": "(5,98 \u20ac / kg)\r\n        "
  },
  {
    "name": "K\u00fclm.vareenikud kohupiimaga GERMES, 450g",
    "price": "2,39 \u20ac",
    "price/unit": "(5,31 \u20ac / kg)\r\n        "
  },
  {
    "name": "K\u00fclm.vareenikud kirsiga GERMES, 450g",
    "price": "2,69 \u20ac",
    "price/unit": "(5,98 \u20ac / kg)\r\n        "
  },
  {
    "name": "K\u00fclm.vareenikud kartuliga GERMES, 450g",
    "price": "2,39 \u20ac",
    "price/unit": "(5,31 \u20ac / kg)\r\n        "
  },
  {
    "name": "K\u00fclm.pitsa Tropican Go 4 Pizza,VICI,335g",
    "price": "1,99 \u20ac",
    "price/unit": "(5,94 \u20ac / kg)\r\n        "
  },
  {
    "name": "K\u00fclm.pitsa Speciale MEGA DI CATO, 325g",
    "price": "1,49 \u20ac",
    "price/unit": "(4,58 \u20ac / kg)\r\n        "
  },
  {
    "name": "K\u00fclm.pitsa BBQ Chicken GRANDIOSA, 310g",
    "price": "1,99 \u20ac",
    "price/unit": "(6,42 \u20ac / kg)\r\n        "
  },
  {
    "name": "K\u00fclm.pitsa Superiore GRANDIOSA, 350g",
    "price": "1,99 \u20ac",
    "price/unit": "(5,69 \u20ac / kg)\r\n        "
  },
  {
    "name": "Pihvid k\u00fclmutatud RAKVERE 530g",
    "price": "2,35 \u20ac",
    "price/unit": "(4,43 \u20ac / kg)\r\n        "
  },
  {
    "name": "K\u00fclm.pelmeenid PEALINNA, 350g",
    "price": "1,36 \u20ac",
    "price/unit": "(3,89 \u20ac / kg)\r\n        "
  },
  {
    "name": "K\u00fclm. frikadellid\u00a0PEALINNA, 350g",
    "price": "1,66 \u20ac",
    "price/unit": "(4,74 \u20ac / kg)\r\n        "
  },
  {
    "name": "K\u00fclm.pelmeenid HIINA UVIC,400g",
    "price": "2,15 \u20ac",
    "price/unit": "(5,38 \u20ac / kg)\r\n        "
  },
  {
    "name": "K\u00fclm. PERE hakklihasegu RAKV, 250g",
    "price": "1,15 \u20ac",
    "price/unit": "(4,60 \u20ac / kg)\r\n        "
  },
  {
    "name": "K\u00fclmutatud broilerikael TALLEGG 400g",
    "price": "0,56 \u20ac",
    "price/unit": "(1,40 \u20ac / kg)\r\n        "
  },
  {
    "name": "K\u00fclm.pelmeen.Bravissimo Itaal.UVIC, 400g",
    "price": "1,59 \u20ac",
    "price/unit": "(3,98 \u20ac / kg)\r\n        "
  },
  {
    "name": "K\u00fclmutatud Broilerimaks TALLEGG 500g",
    "price": "1,49 \u20ac",
    "price/unit": "(2,98 \u20ac / kg)\r\n        "
  },
  {
    "name": "K\u00fclm.pelmeenid Maitsvad RH Foods, 400g",
    "price": "0,75 \u20ac",
    "price/unit": "(1,88 \u20ac / kg)\r\n        "
  },
  {
    "name": "K\u00fclm.pelmeenid Ivan Rjazanskije UVIC,2kg",
    "price": "6,49 \u20ac",
    "price/unit": "(3,25 \u20ac / kg)\r\n        "
  },
  {
    "name": "K\u00fclm.pelmeenid Ivan Poltavskije, 500g",
    "price": "1,94 \u20ac",
    "price/unit": "(3,88 \u20ac / kg)\r\n        "
  },
  {
    "name": "K\u00fclm.pelmeenid Ivan Kazanskije, 500g",
    "price": "1,65 \u20ac",
    "price/unit": "(3,30 \u20ac / kg)\r\n        "
  },
  {
    "name": "K\u00fclm.pelmeenid HIINA UVIC, 1kg",
    "price": "4,89 \u20ac",
    "price/unit": "(4,89 \u20ac / kg)\r\n        "
  },
  {
    "name": "K\u00fclm. seahakkliha RAKVERE 450g",
    "price": "2,39 \u20ac",
    "price/unit": "(5,31 \u20ac / kg)\r\n        "
  },
  {
    "name": "K\u00fclm.pelmeenid Nostalgia RH FOODS, 1kg",
    "price": "3,39 \u20ac",
    "price/unit": "(3,39 \u20ac / kg)\r\n        "
  },
  {
    "name": "K\u00fclmutatud pelmeenid MAAH\u00c4RRA, 350g",
    "price": "1,29 \u20ac",
    "price/unit": "(3,69 \u20ac / kg)\r\n        "
  },
  {
    "name": "K\u00fclm.pelmeenid SAAREMAA, 600g",
    "price": "2,29 \u20ac",
    "price/unit": "(3,82 \u20ac / kg)\r\n        "
  },
  {
    "name": "K\u00fclmutatud  hinkaalid VANO, 400g",
    "price": "1,89 \u20ac",
    "price/unit": "(4,73 \u20ac / kg)\r\n        "
  },
  {
    "name": "K\u00fclm. Pealinna minipelmeenid, 350g",
    "price": "0,95 \u20ac",
    "price/unit": "(2,71 \u20ac / kg)\r\n        "
  },
  {
    "name": "K\u00fclm. minipelmeenid Russkie, 700g",
    "price": "2,69 \u20ac",
    "price/unit": "(3,84 \u20ac / kg)\r\n        "
  },
  {
    "name": "K\u00fclm.laste pelmeenid PEALINNA 350g",
    "price": "1,49 \u20ac",
    "price/unit": "(4,26 \u20ac / kg)\r\n        "
  },
  {
    "name": "K\u00fclmutatud minifrikadellid 300g",
    "price": "1,46 \u20ac",
    "price/unit": "(4,87 \u20ac / kg)\r\n        "
  },
  {
    "name": "K\u00fclm.pelmeenid kanalihaga VICI 400g",
    "price": "1,59 \u20ac",
    "price/unit": "(3,98 \u20ac / kg)\r\n        "
  },
  {
    "name": "K\u00fclm.pelmeenid sealihaga VICI 400g",
    "price": "1,59 \u20ac",
    "price/unit": "(3,98 \u20ac / kg)\r\n        "
  },
  {
    "name": "K\u00fclm. pelmeenid veiselihaga VICI 400g",
    "price": "1,59 \u20ac",
    "price/unit": "(3,98 \u20ac / kg)\r\n        "
  },
  {
    "name": "K\u00fclm.pelmeenid kana,juust.purav.VICI400g",
    "price": "1,59 \u20ac",
    "price/unit": "(3,98 \u20ac / kg)\r\n        "
  },
  {
    "name": "K\u00fclm. mini-frikadellid PEALINNA, 350g",
    "price": "1,45 \u20ac",
    "price/unit": "(4,14 \u20ac / kg)\r\n        "
  },
  {
    "name": "K\u00fclmutatud pelmeenid PEALINNA 700g",
    "price": "2,69 \u20ac",
    "price/unit": "(3,84 \u20ac / kg)\r\n        "
  },
  {
    "name": "K\u00fclmutatud frikadellid RAKVERE 400g",
    "price": "1,92 \u20ac",
    "price/unit": "(4,80 \u20ac / kg)\r\n        "
  },
  {
    "name": "K\u00fclmutatud hinkaalid LUKAS 390g",
    "price": "1,99 \u20ac",
    "price/unit": "(5,10 \u20ac / kg)\r\n        "
  },
  {
    "name": "K\u00fclm.pelmeenid Roheline Mark 1kg",
    "price": "2,39 \u20ac",
    "price/unit": "(2,39 \u20ac / kg)\r\n        "
  },
  {
    "name": "K\u00fclm. searaguu RAKVERE 1,3kg",
    "price": "1,39 \u20ac",
    "price/unit": "(1,07 \u20ac / kg)\r\n        "
  },
  {
    "name": "K\u00fclm.pelm.kanaliha ja seentega Gyoza 0.4",
    "price": "2,29 \u20ac",
    "price/unit": "(5,73 \u20ac / kg)\r\n        "
  },
  {
    "name": "K\u00fclmutatud maisikana SAVEL, 520g",
    "price": "5,29 \u20ac",
    "price/unit": "(10,17 \u20ac / kg)\r\n        "
  },
  {
    "name": "K\u00fclm.praetud kodused kotletid UVIC, 350g",
    "price": "1,89 \u20ac",
    "price/unit": "(5,40 \u20ac / kg)\r\n        "
  },
  {
    "name": "K\u00fclm. supipelmeenid IVAN, 500g",
    "price": "1,73 \u20ac",
    "price/unit": "(3,46 \u20ac / kg)\r\n        "
  },
  {
    "name": "K\u00fclm.pelmeenid RAKVERE, 900g",
    "price": "2,09 \u20ac",
    "price/unit": "(2,32 \u20ac / kg)\r\n        "
  },
  {
    "name": "K\u00fclm. veiseliha burger BIOVELA, 4*125g",
    "price": "5,29 \u20ac",
    "price/unit": "(10,58 \u20ac / kg)\r\n        "
  },
  {
    "name": "K\u00fclm. pelm. l\u00f5he- juust. Gyoza VICI 400g",
    "price": "2,29 \u20ac",
    "price/unit": "(5,73 \u20ac / kg)\r\n        "
  },
  {
    "name": "K\u00fclm.hinkaalid lambalihaga VANAEMA,390g",
    "price": "2,40 \u20ac",
    "price/unit": "(6,15 \u20ac / kg)\r\n        "
  },
  {
    "name": "K\u00fclm. pelmeenid sealihaga VANAEMA, 400g",
    "price": "1,77 \u20ac",
    "price/unit": "(4,43 \u20ac / kg)\r\n        "
  },
  {
    "name": "K\u00fclm.pelmeenid veiselihaga VANAEMA, 400g",
    "price": "1,99 \u20ac",
    "price/unit": "(4,98 \u20ac / kg)\r\n        "
  },
  {
    "name": "K\u00fclm. hinkaalid VICI, 400g",
    "price": "2,29 \u20ac",
    "price/unit": "(5,73 \u20ac / kg)\r\n        "
  },
  {
    "name": "K\u00fclm.pelmeenid Russkie GERMES, 450g",
    "price": "2,49 \u20ac",
    "price/unit": "(5,53 \u20ac / kg)\r\n        "
  },
  {
    "name": "K\u00fclm.EHE pelmeenid RANNAROOTSI,350g",
    "price": "1,59 \u20ac",
    "price/unit": "(4,54 \u20ac / kg)\r\n        "
  },
  {
    "name": "K\u00fclm. mini-pelmeenid RANNAROOTSI, 350g",
    "price": "1,49 \u20ac",
    "price/unit": "(4,26 \u20ac / kg)\r\n        "
  },
  {
    "name": "K\u00fclm. frikadellid RANNAROOTSI, 350 g",
    "price": "1,69 \u20ac",
    "price/unit": "(4,83 \u20ac / kg)\r\n        "
  },
  {
    "name": "K\u00fclmutatud ukraina bor\u0161 BAUER, 400g",
    "price": "0,79 \u20ac",
    "price/unit": "(1,98 \u20ac / kg)\r\n        "
  },
  {
    "name": "K\u00fclmutatud lillkapsad BAUER, 400g",
    "price": "0,99 \u20ac",
    "price/unit": "(2,48 \u20ac / kg)\r\n        "
  },
  {
    "name": "K\u00fclmutatud Tsaari salat BAUER, 400g",
    "price": "0,89 \u20ac",
    "price/unit": "(2,23 \u20ac / kg)\r\n        "
  },
  {
    "name": "K\u00fclmutatud spinatit\u00fckid BAUER, 400g",
    "price": "0,79 \u20ac",
    "price/unit": "(1,98 \u20ac / kg)\r\n        "
  },
  {
    "name": "K\u00fclmutatud Hiina segu BAUER, 400g",
    "price": "1,29 \u20ac",
    "price/unit": "(3,23 \u20ac / kg)\r\n        "
  },
  {
    "name": "K\u00fclm.\u00fchepajatoit H\u00c4RMAVILI,400g",
    "price": "1,09 \u20ac",
    "price/unit": "(2,73 \u20ac / kg)\r\n        "
  },
  {
    "name": "K\u00fclm.suvine supisegu H\u00c4RMAVILI,400g",
    "price": "1,09 \u20ac",
    "price/unit": "(2,73 \u20ac / kg)\r\n        "
  },
  {
    "name": "K\u00fclmut.metsaseenesupp BAUER, 400g",
    "price": "1,99 \u20ac",
    "price/unit": "(4,98 \u20ac / kg)\r\n        "
  },
  {
    "name": "K\u00fclm.metsaseened kartuliga BAUER, 400g",
    "price": "1,99 \u20ac",
    "price/unit": "(4,98 \u20ac / kg)\r\n        "
  },
  {
    "name": "K\u00fclm.pajaroog H\u00c4RMAVILI, 400g",
    "price": "1,19 \u20ac",
    "price/unit": "(2,98 \u20ac / kg)\r\n        "
  },
  {
    "name": "K\u00fclm.wokisegu H\u00c4RMAVILI, 400g",
    "price": "1,09 \u20ac",
    "price/unit": "(2,73 \u20ac / kg)\r\n        "
  },
  {
    "name": "K\u00fclm. panniroog H\u00c4RMAVILI, 400g",
    "price": "1,09 \u20ac",
    "price/unit": "(2,73 \u20ac / kg)\r\n        "
  },
  {
    "name": "K\u00fclm. aeduba H\u00c4RMAVILI, 400g",
    "price": "1,19 \u20ac",
    "price/unit": "(2,98 \u20ac / kg)\r\n        "
  },
  {
    "name": "K\u00fclm.brok.,lillkap.,porg.H\u00c4RMAVILI,400g",
    "price": "0,79 \u20ac",
    "price/unit": "(1,98 \u20ac / kg)\r\n        "
  },
  {
    "name": "K\u00fclm. Itaalia segu BONDUELLE, 400g",
    "price": "1,75 \u20ac",
    "price/unit": "(4,38 \u20ac / kg)\r\n        "
  },
  {
    "name": "K\u00fclm. Prantsuse segu BONDUELLE, 400g",
    "price": "1,75 \u20ac",
    "price/unit": "(4,38 \u20ac / kg)\r\n        "
  },
  {
    "name": "K\u00fclm. California segu BONDUELLE, 400g",
    "price": "1,75 \u20ac",
    "price/unit": "(4,38 \u20ac / kg)\r\n        "
  },
  {
    "name": "K\u00fclm.k\u00f6\u00f6givil.riisi ja \u0161amp.FAVORIT,400g",
    "price": "0,79 \u20ac",
    "price/unit": "(1,98 \u20ac / kg)\r\n        "
  },
  {
    "name": "K\u00fclm.kevadised k\u00f6\u00f6giviljad FAVORIT, 400g",
    "price": "0,99 \u20ac",
    "price/unit": "(2,48 \u20ac / kg)\r\n        "
  },
  {
    "name": "K\u00fclm.roh.k\u00f6\u00f6g.p\u00fcreesupp BONDUELLE, 400g",
    "price": "1,85 \u20ac",
    "price/unit": "(4,63 \u20ac / kg)\r\n        "
  },
  {
    "name": "K\u00fclmutatud mehhiko segu, FAVORIT 400g",
    "price": "0,90 \u20ac",
    "price/unit": "(2,25 \u20ac / kg)\r\n        "
  },
  {
    "name": "K\u00fclmutatud maasikad D'AUCY, 400g",
    "price": "2,19 \u20ac",
    "price/unit": "(5,48 \u20ac / kg)\r\n        "
  },
  {
    "name": "K\u00fclmutatud\u00a0 musts\u00f5star BAUER, 300g",
    "price": "1,15 \u20ac",
    "price/unit": "(3,83 \u20ac / kg)\r\n        "
  },
  {
    "name": "K\u00fclmutatud\u00a0 p\u00f5ldmari BAUER, 300g",
    "price": "2,69 \u20ac",
    "price/unit": "(8,97 \u20ac / kg)\r\n        "
  },
  {
    "name": "K\u00fclmutatud vaarikad D'AUCY, 400g",
    "price": "2,59 \u20ac",
    "price/unit": "(6,48 \u20ac / kg)\r\n        "
  },
  {
    "name": "K\u00fclmutatud maasikad FAVORIT,400g",
    "price": "1,49 \u20ac",
    "price/unit": "(3,73 \u20ac / kg)\r\n        "
  },
  {
    "name": "K\u00fclmutatud kirsid FAVORIT, 400g",
    "price": "1,49 \u20ac",
    "price/unit": "(3,73 \u20ac / kg)\r\n        "
  },
  {
    "name": "K\u00fclmutatud j\u00f5hvikad FAVORIT, 400g",
    "price": "1,49 \u20ac",
    "price/unit": "(3,73 \u20ac / kg)\r\n        "
  },
  {
    "name": "K\u00fclm.kultuurmustikas Marjamaa Talu, 400g",
    "price": "5,39 \u20ac",
    "price/unit": "(13,48 \u20ac / kg)\r\n        "
  },
  {
    "name": "Puuviljatee HERBA 20x2g",
    "price": "0,65 \u20ac",
    "price/unit": "(0,03 \u20ac / tk)\r\n        "
  },
  {
    "name": "Apteegitillitee HERBA, 20x1.75g",
    "price": "0,48 \u20ac",
    "price/unit": "(0,02 \u20ac / tk)\r\n        "
  },
  {
    "name": "Must tee Passion Fruit HYLEYS 25x2g",
    "price": "1,35 \u20ac",
    "price/unit": "(0,05 \u20ac / tk)\r\n        "
  },
  {
    "name": "Taimetee F.Grape GREENFIELD 25x2g",
    "price": "1,79 \u20ac",
    "price/unit": "(0,07 \u20ac / tk)\r\n        "
  },
  {
    "name": "\u00dcrditee Summer Bouquet GREENFIELD 25x2g",
    "price": "1,79 \u20ac",
    "price/unit": "(0,07 \u20ac / tk)\r\n        "
  },
  {
    "name": "Puuv.teeKibuvits.HibiskTEEKANNE 20tk",
    "price": "2,05 \u20ac",
    "price/unit": "(0,10 \u20ac / tk)\r\n        "
  },
  {
    "name": "Puuviljatee maasik.+ kirsi.TEEKANNE20x3g",
    "price": "2,05 \u20ac",
    "price/unit": "(0,10 \u20ac / tk)\r\n        "
  },
  {
    "name": "Puuviljatee vanilj.+vaark. TEEKANNE20x3g",
    "price": "2,05 \u20ac",
    "price/unit": "(0,10 \u20ac / tk)\r\n        "
  },
  {
    "name": "Taimetee Summer Fruits LIPTON p\u00fcr.20x2g",
    "price": "1,75 \u20ac",
    "price/unit": "(0,09 \u20ac / tk)\r\n        "
  },
  {
    "name": "Taimetee CitrusDelight LIPTON p\u00fcr. 20x2g",
    "price": "1,66 \u20ac",
    "price/unit": "(0,08 \u20ac / tk)\r\n        "
  },
  {
    "name": "Puuviljatee ingveri-sidruni.GURMAN's 90g",
    "price": "2,96 \u20ac",
    "price/unit": "(32,89 \u20ac / kg)\r\n        "
  },
  {
    "name": "Tee maasika-vaarikamaits.LOYD p\u00fcr.20x2g",
    "price": "1,59 \u20ac",
    "price/unit": "(0,08 \u20ac / tk)\r\n        "
  },
  {
    "name": "Tee p\u00f5ldmarja-mustikamaits.LOYDp\u00fcr.20x2g",
    "price": "1,59 \u20ac",
    "price/unit": "(0,08 \u20ac / tk)\r\n        "
  },
  {
    "name": "Kibuv.-sidr.-piparm.tee SAGA 20x1.8g",
    "price": "0,99 \u20ac",
    "price/unit": "(0,05 \u20ac / tk)\r\n        "
  },
  {
    "name": "Erinevate puuvilja tee  FAVORIT 20x2g",
    "price": "0,85 \u20ac",
    "price/unit": "(0,04 \u20ac / tk)\r\n        "
  },
  {
    "name": "Puuv.tee Brasiilia laim TEEKANNE 20x2.5g",
    "price": "2,15 \u20ac",
    "price/unit": "(0,11 \u20ac / tk)\r\n        "
  },
  {
    "name": "M.tee maas.-vaarikamait.FAVORITp\u00fcr.20x2g",
    "price": "1,25 \u20ac",
    "price/unit": "(0,06 \u20ac / tk)\r\n        "
  },
  {
    "name": "K\u00fclm.friikart.sakil. Zig Zag AVIKO, 750g",
    "price": "2,19 \u20ac",
    "price/unit": "(2,92 \u20ac / kg)\r\n        "
  },
  {
    "name": "K\u00fclm.friikart.sak. FARM FRITES, 750g",
    "price": "1,79 \u20ac",
    "price/unit": "(2,39 \u20ac / kg)\r\n        "
  },
  {
    "name": "K\u00fclm.friikart.sakil. KULLAKESED, 750g",
    "price": "1,35 \u20ac",
    "price/unit": "(1,80 \u20ac / kg)\r\n        "
  },
  {
    "name": "K\u00fclm.friikartul sirge FANTASY, 1kg",
    "price": "1,49 \u20ac",
    "price/unit": "(1,49 \u20ac / kg)\r\n        "
  },
  {
    "name": "K\u00fclm. friikartul sakiline AVIKO, 1,5kg",
    "price": "3,49 \u20ac",
    "price/unit": "(2,33 \u20ac / kg)\r\n        "
  },
  {
    "name": "K\u00fclmut.friikart.sak. MAAH\u00c4RRA, 750g",
    "price": "1,89 \u20ac",
    "price/unit": "(2,52 \u20ac / kg)\r\n        "
  },
  {
    "name": "K\u00fclm.kartulisekt. Pati Parts AVIKO,600g",
    "price": "1,49 \u20ac",
    "price/unit": "(2,48 \u20ac / kg)\r\n        "
  },
  {
    "name": "K\u00fclm.pikk ja kr\u00f5be friikartul, 600g",
    "price": "1,55 \u20ac",
    "price/unit": "(2,58 \u20ac / kg)\r\n        "
  },
  {
    "name": "K\u00fclmutatud friikartul Top Mania 1000g",
    "price": "1,30 \u20ac",
    "price/unit": "(1,30 \u20ac / kg)\r\n        "
  },
  {
    "name": "K\u00fclm.kartul Mama\u00b4s AVIKO, 750g",
    "price": "1,85 \u20ac",
    "price/unit": "(2,47 \u20ac / kg)\r\n        "
  },
  {
    "name": "K\u00fclm.kartulisektor Pati Parts AVIKO,600g",
    "price": "1,69 \u20ac",
    "price/unit": "(2,82 \u20ac / kg)\r\n        "
  },
  {
    "name": "K\u00fclm. friikartul sirge, 2,5kg",
    "price": "2,99 \u20ac",
    "price/unit": "(1,20 \u20ac / kg)\r\n        "
  },
  {
    "name": "J\u00e4\u00e4tis maap\u00e4hkliv\u00f5iga BEN&JERRY, 431g",
    "price": "5,99 \u20ac",
    "price/unit": "(13,90 \u20ac / kg)\r\n        "
  },
  {
    "name": "K\u00fclm.pelmeenid HIINA UVIC,400g",
    "price": "2,15 \u20ac",
    "price/unit": "(5,38 \u20ac / kg)\r\n        "
  },
  {
    "name": "K\u00fclm.brok.,lillkap.,porg.H\u00c4RMAVILI,400g",
    "price": "0,79 \u20ac",
    "price/unit": "(1,98 \u20ac / kg)\r\n        "
  },
  {
    "name": "Peekoni-munap.  EESTI PAGAR, 390g k\u00fclm.",
    "price": "2,05 \u20ac",
    "price/unit": "(5,26 \u20ac / kg)\r\n        "
  },
  {
    "name": "Sool Extra Zolotoi Zubr 1kg",
    "price": "0,24 \u20ac",
    "price/unit": "(0,24 \u20ac / kg)\r\n        "
  },
  {
    "name": "Meresool PROASAL 1kg",
    "price": "0,62 \u20ac",
    "price/unit": "(0,62 \u20ac / kg)\r\n        "
  },
  {
    "name": "Jodeeritud sool Zolotoi  Zubr 1kg",
    "price": "0,39 \u20ac",
    "price/unit": "(0,39 \u20ac / kg)\r\n        "
  },
  {
    "name": "Jodeerit.peen meresool DROGA 500g",
    "price": "0,69 \u20ac",
    "price/unit": "(1,38 \u20ac / kg)\r\n        "
  },
  {
    "name": "Roosa sool ROSE 400g",
    "price": "2,79 \u20ac",
    "price/unit": "(6,98 \u20ac / kg)\r\n        "
  },
  {
    "name": "J\u00e4me sool 1 kg",
    "price": "0,32 \u20ac",
    "price/unit": "(0,32 \u20ac / kg)\r\n        "
  },
  {
    "name": "Meresool j\u00e4me TAPROBAN 1kg",
    "price": "0,65 \u20ac",
    "price/unit": "(0,65 \u20ac / kg)\r\n        "
  },
  {
    "name": "Meresool joodiga TAPROBAN 1kg",
    "price": "0,65 \u20ac",
    "price/unit": "(0,65 \u20ac / kg)\r\n        "
  },
  {
    "name": "Hawaii roosa sool DROGHERIA 90g",
    "price": "2,89 \u20ac",
    "price/unit": "(32,11 \u20ac / kg)\r\n        "
  },
  {
    "name": "K\u00fcprose must sool DROGHERIA 50g",
    "price": "2,89 \u20ac",
    "price/unit": "(57,80 \u20ac / kg)\r\n        "
  },
  {
    "name": "P\u00e4rsia sinine sool DROGHERIA 90g",
    "price": "3,69 \u20ac",
    "price/unit": "(41,00 \u20ac / kg)\r\n        "
  },
  {
    "name": "V\u00e4hend.rasvasis.margar.RAMA Clas.60%250g",
    "price": "0,92 \u20ac",
    "price/unit": "(3,68 \u20ac / kg)\r\n        "
  },
  {
    "name": "Poolrasvane margariin DELMA 39% 250g",
    "price": "0,77 \u20ac",
    "price/unit": "(3,08 \u20ac / kg)\r\n        "
  },
  {
    "name": "V\u00e4hend. rasvasis. margariin VOIMIX 400g",
    "price": "0,79 \u20ac",
    "price/unit": "(1,98 \u20ac / kg)\r\n        "
  },
  {
    "name": "Taimne rasvav\u00f5ie KEIJU sinine 50% 400g",
    "price": "1,23 \u20ac",
    "price/unit": "(3,08 \u20ac / kg)\r\n        "
  },
  {
    "name": "Taimne rasvav\u00f5ie KEIJU soolane 70% 400g",
    "price": "1,36 \u20ac",
    "price/unit": "(3,40 \u20ac / kg)\r\n        "
  },
  {
    "name": "V\u00e4h. rasvasis.marg.KEIJU Camelina 60%",
    "price": "1,52 \u20ac",
    "price/unit": "(3,80 \u20ac / kg)\r\n        "
  },
  {
    "name": "V\u00e4herasv. margar. Voila Light FELIX 400g",
    "price": "0,79 \u20ac",
    "price/unit": "(1,98 \u20ac / kg)\r\n        "
  },
  {
    "name": "Poolras. margariin RAMA  Light 39% 400g",
    "price": "1,23 \u20ac",
    "price/unit": "(3,08 \u20ac / kg)\r\n        "
  },
  {
    "name": "Rama Maestro Rasvav\u00f5ie 70% 500g",
    "price": "1,79 \u20ac",
    "price/unit": "(3,58 \u20ac / kg)\r\n        "
  },
  {
    "name": "V\u00e4h.rasvasis.margariin RAMA Clas.60%400g",
    "price": "1,36 \u20ac",
    "price/unit": "(3,40 \u20ac / kg)\r\n        "
  },
  {
    "name": "K\u00fcpsetusmargariin EveSol 75% 250g",
    "price": "0,79 \u20ac",
    "price/unit": "(3,16 \u20ac / kg)\r\n        "
  },
  {
    "name": "Taimne rasvav\u00f5ie EveSol 75% 500g",
    "price": "1,46 \u20ac",
    "price/unit": "(2,92 \u20ac / kg)\r\n        "
  },
  {
    "name": "Poolrasv. marg. DELMA Extra sool.39%450g",
    "price": "1,17 \u20ac",
    "price/unit": "(2,60 \u20ac / kg)\r\n        "
  },
  {
    "name": "Poolras.koduse v\u00f5i maits.marg.DELMA 400g",
    "price": "1,17 \u20ac",
    "price/unit": "(2,93 \u20ac / kg)\r\n        "
  },
  {
    "name": "Poolrasvane margariin DELMA 39% 400g",
    "price": "1,07 \u20ac",
    "price/unit": "(2,68 \u20ac / kg)\r\n        "
  },
  {
    "name": "Lakt.vaba taimn.rasvav\u00f5ie KEIJU,70%,400g",
    "price": "1,62 \u20ac",
    "price/unit": "(4,05 \u20ac / kg)\r\n        "
  },
  {
    "name": "Poolrasv.soolane margariin RAMA 39% 400g",
    "price": "1,45 \u20ac",
    "price/unit": "(3,63 \u20ac / kg)\r\n        "
  },
  {
    "name": "Poolrasvane margariin DELMA 39% 500g",
    "price": "0,89 \u20ac",
    "price/unit": "(1,78 \u20ac / kg)\r\n        "
  },
  {
    "name": "Kookosrasv 100% COCOS 500g",
    "price": "5,49 \u20ac",
    "price/unit": "(10,98 \u20ac / kg)\r\n        "
  },
  {
    "name": "K\u00fcpsetusmargariin 80% VILMA 500g",
    "price": "1,39 \u20ac",
    "price/unit": "(2,78 \u20ac / kg)\r\n        "
  },
  {
    "name": "Maisi\u00f5li RISSO 1L",
    "price": "2,99 \u20ac",
    "price/unit": "(2,99 \u20ac / l)\r\n        "
  },
  {
    "name": "Maisi\u00f5li  GOCCIA D'oro 1L",
    "price": "3,59 \u20ac",
    "price/unit": "(3,59 \u20ac / l)\r\n        "
  },
  {
    "name": "Rapsi\u00f5li RISSO 1L",
    "price": "1,79 \u20ac",
    "price/unit": "(1,79 \u20ac / l)\r\n        "
  },
  {
    "name": "Toidu\u00f5li OILIO 1L",
    "price": "1,89 \u20ac",
    "price/unit": "(1,89 \u20ac / l)\r\n        "
  },
  {
    "name": "Seesamiseemne\u00f5li ANIRA 250ml",
    "price": "3,89 \u20ac",
    "price/unit": "(15,56 \u20ac / l)\r\n        "
  },
  {
    "name": "Linaseemne\u00f5li ANIRA 250ml",
    "price": "2,49 \u20ac",
    "price/unit": "(9,96 \u20ac / l)\r\n        "
  },
  {
    "name": "Viinamarjaseemne\u00f5li BORGES 500ml",
    "price": "3,45 \u20ac",
    "price/unit": "(6,90 \u20ac / l)\r\n        "
  },
  {
    "name": "Rapsi\u00f5li OILIO 1L",
    "price": "1,25 \u20ac",
    "price/unit": "(1,25 \u20ac / l)\r\n        "
  },
  {
    "name": "Rapsi\u00f5li OPTIMA LINIJA 1L",
    "price": "1,09 \u20ac",
    "price/unit": "(1,09 \u20ac / l)\r\n        "
  },
  {
    "name": "Rapsi\u00f5li OLIVIA  0.5L",
    "price": "1,09 \u20ac",
    "price/unit": "(2,18 \u20ac / l)\r\n        "
  },
  {
    "name": "Rapsi\u00f5li OLIVIA 1L",
    "price": "1,85 \u20ac",
    "price/unit": "(1,85 \u20ac / l)\r\n        "
  },
  {
    "name": "K\u00fcpsetus\u00f5li OLIVIA 1L",
    "price": "2,19 \u20ac",
    "price/unit": "(2,19 \u20ac / l)\r\n        "
  },
  {
    "name": "K\u00f5rvitsaseemne\u00f5li OLJARNAFRAM 250ml",
    "price": "5,49 \u20ac",
    "price/unit": "(21,96 \u20ac / l)\r\n        "
  },
  {
    "name": "Taimne \u00f5li Omega 3-6-9 OILIO 1L",
    "price": "1,99 \u20ac",
    "price/unit": "(1,99 \u20ac / l)\r\n        "
  },
  {
    "name": "Rapsi\u00f5li D-vitamiiniga RISSO 1l",
    "price": "2,69 \u20ac",
    "price/unit": "(2,69 \u20ac / l)\r\n        "
  },
  {
    "name": "Rapsi\u00f5li GOLDEN OIL 1l",
    "price": "1,39 \u20ac",
    "price/unit": "(1,39 \u20ac / l)\r\n        "
  },
  {
    "name": "Rafineeritud kookos\u00f5li ANIRA 200 ml",
    "price": "2,99 \u20ac",
    "price/unit": "(14,95 \u20ac / l)\r\n        "
  },
  {
    "name": "Riisi\u00f5li BASSO 1L",
    "price": "3,89 \u20ac",
    "price/unit": "(3,89 \u20ac / l)\r\n        "
  },
  {
    "name": "Rapsi\u00f5li OLEINA 1L",
    "price": "1,39 \u20ac",
    "price/unit": "(1,39 \u20ac / l)\r\n        "
  },
  {
    "name": "Kreeka p\u00e4hkli \u00f5li ANIRA ANIRA 500 ml",
    "price": "4,59 \u20ac",
    "price/unit": "(9,18 \u20ac / l)\r\n        "
  },
  {
    "name": "Mandli\u00f5li ANIRA 500 ml",
    "price": "4,99 \u20ac",
    "price/unit": "(9,98 \u20ac / l)\r\n        "
  },
  {
    "name": "Maisi\u00f5li FAVORIT 1l",
    "price": "2,09 \u20ac",
    "price/unit": "(2,09 \u20ac / l)\r\n        "
  },
  {
    "name": "Oliivij\u00e4\u00e4k\u00f5li GOCCIA D'oro 1L",
    "price": "5,99 \u20ac",
    "price/unit": "(5,99 \u20ac / l)\r\n        "
  },
  {
    "name": "Ekstra-neitsioliivi\u00f5li LA ESPANOLA 750ml",
    "price": "4,59 \u20ac",
    "price/unit": "(6,12 \u20ac / l)\r\n        "
  },
  {
    "name": "Ekstra-neitsioliivi\u00f5li FILIPPOBERIO250ml",
    "price": "3,29 \u20ac",
    "price/unit": "(13,16 \u20ac / l)\r\n        "
  },
  {
    "name": "Ekstra-neitsioliivi\u00f5li BORGES 500ml",
    "price": "3,99 \u20ac",
    "price/unit": "(7,98 \u20ac / l)\r\n        "
  },
  {
    "name": "Ekstra-neitsioliivi\u00f5li BORGES 250ml",
    "price": "3,19 \u20ac",
    "price/unit": "(12,76 \u20ac / l)\r\n        "
  },
  {
    "name": "Raf.\u00f5l.neitsiol.+ol.\u00f5li LightBORGES500ml",
    "price": "3,99 \u20ac",
    "price/unit": "(7,98 \u20ac / l)\r\n        "
  },
  {
    "name": "Ol.\u00f5li raf+neitsiol.\u00f5list100%BORGES500ml",
    "price": "6,19 \u20ac",
    "price/unit": "(12,38 \u20ac / l)\r\n        "
  },
  {
    "name": "Ol.\u00f5li raf+neitsiol.\u00f5l.Light BORGES250ml",
    "price": "3,09 \u20ac",
    "price/unit": "(12,36 \u20ac / l)\r\n        "
  },
  {
    "name": "Ekstra-neitsioliivi\u00f5li FILIPPOBERIO750ml",
    "price": "6,49 \u20ac",
    "price/unit": "(8,65 \u20ac / l)\r\n        "
  },
  {
    "name": "Ekstra-neitsiol.\u00f5li FILIPPO BERIO500ml",
    "price": "5,55 \u20ac",
    "price/unit": "(11,10 \u20ac / l)\r\n        "
  },
  {
    "name": "Ekst.-neitsiol.\u00f5l.pih.FILIPPO BERIO200ml",
    "price": "3,29 \u20ac",
    "price/unit": "(16,45 \u20ac / l)\r\n        "
  },
  {
    "name": "Ekstra-neitsioliivi\u00f5li HACIENDA GUZMAN1L",
    "price": "6,79 \u20ac",
    "price/unit": "(6,79 \u20ac / l)\r\n        "
  },
  {
    "name": "Oliivij\u00e4\u00e4k\u00f5li FAVORIT 1L",
    "price": "4,59 \u20ac",
    "price/unit": "(4,59 \u20ac / l)\r\n        "
  },
  {
    "name": "Ekstra-neitsiol.\u00f5li FAVORIT 250ml",
    "price": "2,19 \u20ac",
    "price/unit": "(8,76 \u20ac / l)\r\n        "
  },
  {
    "name": "Oliivij\u00e4\u00e4k\u00f5li BASSO 1L",
    "price": "4,99 \u20ac",
    "price/unit": "(4,99 \u20ac / l)\r\n        "
  },
  {
    "name": "Extra oliivi\u00f5li BASSO 500ml",
    "price": "7,49 \u20ac",
    "price/unit": "(14,98 \u20ac / l)\r\n        "
  },
  {
    "name": "Eks.-neitsiol.\u00f5l. ALIVE BARBERA 500ml",
    "price": "4,49 \u20ac",
    "price/unit": "(8,98 \u20ac / l)\r\n        "
  },
  {
    "name": "Ekstra-neitsioliivi\u00f5li BARBERA 500ml",
    "price": "5,89 \u20ac",
    "price/unit": "(11,78 \u20ac / l)\r\n        "
  },
  {
    "name": "Oliivij\u00e4\u00e4k\u00f5li OL'MAR 1L",
    "price": "4,19 \u20ac",
    "price/unit": "(4,19 \u20ac / l)\r\n        "
  },
  {
    "name": "Ekstra-neitsiol.\u00f5li FAVORIT 750ml",
    "price": "4,99 \u20ac",
    "price/unit": "(6,65 \u20ac / l)\r\n        "
  },
  {
    "name": "Ekstra-neitsiol.\u00f5li OL'MAR 1L",
    "price": "6,49 \u20ac",
    "price/unit": "(6,49 \u20ac / l)\r\n        "
  },
  {
    "name": "Oliivij\u00e4\u00e4k\u00f5li ARIOLI 1L",
    "price": "4,59 \u20ac",
    "price/unit": "(4,59 \u20ac / l)\r\n        "
  },
  {
    "name": "Extra oliivi\u00f5li rosmariiniga BASSO 250ml",
    "price": "2,79 \u20ac",
    "price/unit": "(11,16 \u20ac / l)\r\n        "
  },
  {
    "name": "Extra oliivi\u00f5li tr\u00fchvliga BASSO 250ml",
    "price": "2,79 \u20ac",
    "price/unit": "(11,16 \u20ac / l)\r\n        "
  },
  {
    "name": "P\u00e4evalille\u00f5li RISSO 1L",
    "price": "1,99 \u20ac",
    "price/unit": "(1,99 \u20ac / l)\r\n        "
  },
  {
    "name": "P\u00e4evalille\u00f5li NATURA 1L",
    "price": "1,79 \u20ac",
    "price/unit": "(1,79 \u20ac / l)\r\n        "
  },
  {
    "name": "P\u00e4evalille\u00f5li Zolotaja Semetska 1L,r-ta",
    "price": "2,29 \u20ac",
    "price/unit": "(2,29 \u20ac / l)\r\n        "
  },
  {
    "name": "P\u00e4evalille\u00f5li ZolotajaSemetska raf-tud1L",
    "price": "2,35 \u20ac",
    "price/unit": "(2,35 \u20ac / l)\r\n        "
  },
  {
    "name": "P\u00e4evalille\u00f5li OLEINA raf-tud 1L",
    "price": "1,29 \u20ac",
    "price/unit": "(1,29 \u20ac / l)\r\n        "
  },
  {
    "name": "P\u00e4evalille\u00f5li GOLDEN OIL 1l",
    "price": "1,46 \u20ac",
    "price/unit": "(1,46 \u20ac / l)\r\n        "
  },
  {
    "name": "Raf.tud p\u00e4eval.\u00f5li Zolotaja Semetska1,8L",
    "price": "3,99 \u20ac",
    "price/unit": "(2,22 \u20ac / l)\r\n        "
  },
  {
    "name": "P\u00e4evalille\u00f5li MAXIMA FAVORIT 2L",
    "price": "3,29 \u20ac",
    "price/unit": "(1,65 \u20ac / l)\r\n        "
  },
  {
    "name": "P\u00e4evalille\u00f5li LIUBIM 1L",
    "price": "1,79 \u20ac",
    "price/unit": "(1,79 \u20ac / l)\r\n        "
  },
  {
    "name": "P\u00e4evalille\u00f5li Olivia 1L",
    "price": "2,29 \u20ac",
    "price/unit": "(2,29 \u20ac / l)\r\n        "
  },
  {
    "name": "Maitseainesegu Podravka VEGETA 75g",
    "price": "0,65 \u20ac",
    "price/unit": "(8,67 \u20ac / kg)\r\n        "
  },
  {
    "name": "Till SANTA MARIA, 7g",
    "price": "0,67 \u20ac",
    "price/unit": "(95,71 \u20ac / kg)\r\n        "
  },
  {
    "name": "Spagetimaitseaine SANTA MARIA 22g",
    "price": "0,64 \u20ac",
    "price/unit": "(29,09 \u20ac / kg)\r\n        "
  },
  {
    "name": "Kartulimaitseaine SANTA MARIA 30g",
    "price": "0,67 \u20ac",
    "price/unit": "(22,33 \u20ac / kg)\r\n        "
  },
  {
    "name": "Aroomisool SANTA MARIA 40g",
    "price": "0,67 \u20ac",
    "price/unit": "(16,75 \u20ac / kg)\r\n        "
  },
  {
    "name": "K\u00fc\u00fcslaugusool SANTA MARIA 40g",
    "price": "0,67 \u20ac",
    "price/unit": "(16,75 \u20ac / kg)\r\n        "
  },
  {
    "name": "Karri SANTA MARIA, 25g",
    "price": "0,67 \u20ac",
    "price/unit": "(26,80 \u20ac / kg)\r\n        "
  },
  {
    "name": "Broilerimaitseaine SANTA MARIA 30g",
    "price": "0,69 \u20ac",
    "price/unit": "(23,00 \u20ac / kg)\r\n        "
  },
  {
    "name": "Kalamaitseaine sidruniga SANTA MARIA 23g",
    "price": "0,79 \u20ac",
    "price/unit": "(34,35 \u20ac / kg)\r\n        "
  },
  {
    "name": "Piprasegu SANTA MARIA, 25g",
    "price": "1,09 \u20ac",
    "price/unit": "(43,60 \u20ac / kg)\r\n        "
  },
  {
    "name": "Viie pipra segu  SANTA MARIA, 25g",
    "price": "1,19 \u20ac",
    "price/unit": "(47,60 \u20ac / kg)\r\n        "
  },
  {
    "name": "\u0160a\u0161l\u00f5kimaitseaine SANTA MARIA 45g",
    "price": "0,65 \u20ac",
    "price/unit": "(14,44 \u20ac / kg)\r\n        "
  },
  {
    "name": "Universaalne marinaad  SANTA MARIA, 75g",
    "price": "0,99 \u20ac",
    "price/unit": "(13,20 \u20ac / kg)\r\n        "
  },
  {
    "name": "K\u00fc\u00fcslaugumarinaad SANTA MARIA 75g",
    "price": "0,99 \u20ac",
    "price/unit": "(13,20 \u20ac / kg)\r\n        "
  },
  {
    "name": "Jahvat. kaneel SANTA MARIA, 22g",
    "price": "0,67 \u20ac",
    "price/unit": "(30,45 \u20ac / kg)\r\n        "
  },
  {
    "name": "Jahvatatud ingver SANTA MARIA, 20g",
    "price": "0,67 \u20ac",
    "price/unit": "(33,50 \u20ac / kg)\r\n        "
  },
  {
    "name": "Universaalne maitseaine KUCHAREK 200g",
    "price": "0,89 \u20ac",
    "price/unit": "(4,45 \u20ac / kg)\r\n        "
  },
  {
    "name": "Vanilliinsuhkur SANTA MARIA 35g",
    "price": "0,45 \u20ac",
    "price/unit": "(12,86 \u20ac / kg)\r\n        "
  },
  {
    "name": "Pizzamaitseaine SANTA MARIA 5g",
    "price": "0,67 \u20ac",
    "price/unit": "(134,00 \u20ac / kg)\r\n        "
  },
  {
    "name": "Jahvatatud paprika SANTA MARIA, 22g",
    "price": "0,67 \u20ac",
    "price/unit": "(30,45 \u20ac / kg)\r\n        "
  },
  {
    "name": "Maitseainesegu VEGETA 500g",
    "price": "4,15 \u20ac",
    "price/unit": "(8,30 \u20ac / kg)\r\n        "
  },
  {
    "name": "Maitseainesegu VEGETA 250g",
    "price": "1,99 \u20ac",
    "price/unit": "(7,96 \u20ac / kg)\r\n        "
  },
  {
    "name": "Liha \u00fcldmaitseaine SANTA MARIA 35g",
    "price": "0,72 \u20ac",
    "price/unit": "(20,57 \u20ac / kg)\r\n        "
  },
  {
    "name": "Hakklihamaitseaine SANTA MARIA 30g",
    "price": "0,65 \u20ac",
    "price/unit": "(21,67 \u20ac / kg)\r\n        "
  },
  {
    "name": "Tuline lihamaitseaine SANTA MARIA 20g",
    "price": "0,67 \u20ac",
    "price/unit": "(33,50 \u20ac / kg)\r\n        "
  },
  {
    "name": "Gulja\u0161imaitseaine SANTA MARIA 40g",
    "price": "0,69 \u20ac",
    "price/unit": "(17,25 \u20ac / kg)\r\n        "
  },
  {
    "name": "Magus t\u0161illimarinaad SANTA MARIA 75g",
    "price": "0,99 \u20ac",
    "price/unit": "(13,20 \u20ac / kg)\r\n        "
  },
  {
    "name": "Kanamarinaad SANTA MARIA Klassik  75g",
    "price": "0,99 \u20ac",
    "price/unit": "(13,20 \u20ac / kg)\r\n        "
  },
  {
    "name": "Must terapipar SANTA MARIA, 22g",
    "price": "0,99 \u20ac",
    "price/unit": "(45,00 \u20ac / kg)\r\n        "
  },
  {
    "name": "Kiluv\u00fcrts SANTA MARIA, 30g",
    "price": "1,19 \u20ac",
    "price/unit": "(39,67 \u20ac / kg)\r\n        "
  },
  {
    "name": "V\u00fcrts SANTA MARIA ,15g",
    "price": "0,79 \u20ac",
    "price/unit": "(52,67 \u20ac / kg)\r\n        "
  },
  {
    "name": "K\u00fc\u00fcslaugupipar  SANTA MARIA, 30g",
    "price": "1,09 \u20ac",
    "price/unit": "(36,33 \u20ac / kg)\r\n        "
  },
  {
    "name": "Loorber SAUDA, 40g",
    "price": "0,55 \u20ac",
    "price/unit": "(13,75 \u20ac / kg)\r\n        "
  },
  {
    "name": "Vanillisuhkur DAN SUKKER 170g",
    "price": "1,19 \u20ac",
    "price/unit": "(7,00 \u20ac / kg)\r\n        "
  },
  {
    "name": "Jahvatatud must pipar OPTIMA LINIJA,20g",
    "price": "0,87 \u20ac",
    "price/unit": "(43,50 \u20ac / kg)\r\n        "
  },
  {
    "name": "Jahvatatud v\u00fcrts OPTIMA LINIJA,20g",
    "price": "0,39 \u20ac",
    "price/unit": "(19,50 \u20ac / kg)\r\n        "
  },
  {
    "name": "V\u00fcrts OPTIMA LINIJA, 20g",
    "price": "0,35 \u20ac",
    "price/unit": "(17,50 \u20ac / kg)\r\n        "
  },
  {
    "name": "Kanamaitseaine OPTIMA LINIJA 20g",
    "price": "0,25 \u20ac",
    "price/unit": "(12,50 \u20ac / kg)\r\n        "
  },
  {
    "name": "Nelk OPTIMA LINIJA 10g",
    "price": "0,39 \u20ac",
    "price/unit": "(39,00 \u20ac / kg)\r\n        "
  },
  {
    "name": "Jahv. kaneel OPTIMA LINIJA, 20g",
    "price": "0,19 \u20ac",
    "price/unit": "(9,50 \u20ac / kg)\r\n        "
  },
  {
    "name": "Terav paprika OPTIMA LINIJA, 20g",
    "price": "0,20 \u20ac",
    "price/unit": "(10,00 \u20ac / kg)\r\n        "
  },
  {
    "name": "\u0160a\u0161l\u00f5kimaitseaine SAUDA 100g",
    "price": "0,68 \u20ac",
    "price/unit": "(6,80 \u20ac / kg)\r\n        "
  },
  {
    "name": "Kalamaitseaine SAUDA 100g",
    "price": "0,72 \u20ac",
    "price/unit": "(7,20 \u20ac / kg)\r\n        "
  },
  {
    "name": "Hakklihamaitseaine SAUDA 100g",
    "price": "0,68 \u20ac",
    "price/unit": "(6,80 \u20ac / kg)\r\n        "
  },
  {
    "name": "Sealihamaitseaine SAUDA 100g",
    "price": "0,65 \u20ac",
    "price/unit": "(6,50 \u20ac / kg)\r\n        "
  },
  {
    "name": "Supimaitseaine SAUDA 100g",
    "price": "0,65 \u20ac",
    "price/unit": "(6,50 \u20ac / kg)\r\n        "
  },
  {
    "name": "Must terapipar SAUDA,100g",
    "price": "2,09 \u20ac",
    "price/unit": "(20,90 \u20ac / kg)\r\n        "
  },
  {
    "name": "Must peen pipar SAUDA, 100g",
    "price": "2,25 \u20ac",
    "price/unit": "(22,50 \u20ac / kg)\r\n        "
  },
  {
    "name": "Itaaliap\u00e4rane hakklihamaitseaine SM 32g",
    "price": "0,67 \u20ac",
    "price/unit": "(20,94 \u20ac / kg)\r\n        "
  },
  {
    "name": "Kalamaitseaine tilliga SANTA MARIA 25g",
    "price": "0,67 \u20ac",
    "price/unit": "(26,80 \u20ac / kg)\r\n        "
  },
  {
    "name": "Hiina sojakaste Chain Kwo 150ml",
    "price": "0,79 \u20ac",
    "price/unit": "(5,27 \u20ac / kg)\r\n        "
  },
  {
    "name": "Hele sojakaste PEARL RIVER BRIDGE 150ml",
    "price": "0,99 \u20ac",
    "price/unit": "(6,60 \u20ac / l)\r\n        "
  },
  {
    "name": "Maisitaskud Taco Shells SANTA MARIA 135g",
    "price": "3,29 \u20ac",
    "price/unit": "(24,37 \u20ac / kg)\r\n        "
  },
  {
    "name": "Tuline kaste Taco SANTA MARIA 230g",
    "price": "2,55 \u20ac",
    "price/unit": "(11,09 \u20ac / kg)\r\n        "
  },
  {
    "name": "Mahe kaste Taco SANTA MARIA 230g",
    "price": "2,55 \u20ac",
    "price/unit": "(11,09 \u20ac / kg)\r\n        "
  },
  {
    "name": "T\u0161illikaste Hot Pepper SANTA MARIA 85ml",
    "price": "1,55 \u20ac",
    "price/unit": "(18,24 \u20ac / l)\r\n        "
  },
  {
    "name": "Ananassisalsa SANTA MARIA 230g",
    "price": "2,55 \u20ac",
    "price/unit": "(11,09 \u20ac / kg)\r\n        "
  },
  {
    "name": "Teriyaki kaste SANTA MARIA 300ml",
    "price": "3,49 \u20ac",
    "price/unit": "(11,63 \u20ac / l)\r\n        "
  },
  {
    "name": "Tume sojakaste PEARL RIVER BRIDGE 150ml",
    "price": "1,09 \u20ac",
    "price/unit": "(7,27 \u20ac / l)\r\n        "
  },
  {
    "name": "Kleepuv sushi riis SKANEJA 400g",
    "price": "1,45 \u20ac",
    "price/unit": "(3,63 \u20ac / kg)\r\n        "
  },
  {
    "name": "Pesto bazilikuga AGNESI 185g",
    "price": "2,05 \u20ac",
    "price/unit": "(11,08 \u20ac / kg)\r\n        "
  },
  {
    "name": "Pesto Genovese, OILIO 130g",
    "price": "1,59 \u20ac",
    "price/unit": "(12,23 \u20ac / kg)\r\n        "
  },
  {
    "name": "Roheline Jalapeno pipar SANTA MARIA 215g",
    "price": "2,95 \u20ac",
    "price/unit": "(13,72 \u20ac / kg)\r\n        "
  },
  {
    "name": "Marineeritud ingver 454g",
    "price": "2,93 \u20ac",
    "price/unit": "(6,45 \u20ac / kg)\r\n        "
  },
  {
    "name": "Riisi\u00e4\u00e4dikas THAI-CHOICE 300ml",
    "price": "1,99 \u20ac",
    "price/unit": "(6,63 \u20ac / l)\r\n        "
  },
  {
    "name": "Magus t\u0161illikaste THAI-CHOICE 200ml",
    "price": "1,55 \u20ac",
    "price/unit": "(7,75 \u20ac / l)\r\n        "
  },
  {
    "name": "Kalakaste THAI-CHOICE 200ml",
    "price": "1,49 \u20ac",
    "price/unit": "(7,45 \u20ac / l)\r\n        "
  },
  {
    "name": "Oanuudlid THAI-CHOICE 200g",
    "price": "2,39 \u20ac",
    "price/unit": "(11,95 \u20ac / kg)\r\n        "
  },
  {
    "name": "Nacho juustudipp SANTA MARIA 250g",
    "price": "1,89 \u20ac",
    "price/unit": "(7,56 \u20ac / kg)\r\n        "
  },
  {
    "name": "Kanamaitsel.kiirnuudlid THAI-CHOICE 85g",
    "price": "0,69 \u20ac",
    "price/unit": "(8,12 \u20ac / kg)\r\n        "
  },
  {
    "name": "V\u00fcrts.-hapumait.kiirnuudl.THAI-CHOICE85g",
    "price": "0,69 \u20ac",
    "price/unit": "(8,12 \u20ac / kg)\r\n        "
  },
  {
    "name": "T\u0161illikaste mangoga THAI-CHOICE 200ml",
    "price": "1,95 \u20ac",
    "price/unit": "(9,75 \u20ac / l)\r\n        "
  },
  {
    "name": "Salsa dipikaste WANTED Mahe Salsa 260g",
    "price": "1,99 \u20ac",
    "price/unit": "(7,65 \u20ac / kg)\r\n        "
  },
  {
    "name": "Maisikausid Mini Taco Tubs SM 120g",
    "price": "3,19 \u20ac",
    "price/unit": "(26,58 \u20ac / kg)\r\n        "
  },
  {
    "name": "Tex Mex dipikaste SANTA MARIA  250g",
    "price": "1,89 \u20ac",
    "price/unit": "(7,56 \u20ac / kg)\r\n        "
  },
  {
    "name": "Pesto Rosso OILIO 130g",
    "price": "1,59 \u20ac",
    "price/unit": "(12,23 \u20ac / kg)\r\n        "
  },
  {
    "name": "Sojakaste Teriyaki THAI-CHOICE 200ml",
    "price": "1,99 \u20ac",
    "price/unit": "(9,95 \u20ac / l)\r\n        "
  },
  {
    "name": "Ploomikaste THAI CHOICE 200 ml",
    "price": "1,99 \u20ac",
    "price/unit": "(9,95 \u20ac / l)\r\n        "
  },
  {
    "name": "Tai sojakaste SANTA MARIA 200ml",
    "price": "2,15 \u20ac",
    "price/unit": "(10,75 \u20ac / l)\r\n        "
  },
  {
    "name": "Kiirnuudel topsis kanalih.THAI CHOICE60g",
    "price": "1,19 \u20ac",
    "price/unit": "(19,83 \u20ac / kg)\r\n        "
  },
  {
    "name": "Pesto Rosso PROVITUS 160g",
    "price": "1,49 \u20ac",
    "price/unit": "(9,31 \u20ac / kg)\r\n        "
  },
  {
    "name": "Pesto Basilico PROVITUS 160g",
    "price": "1,59 \u20ac",
    "price/unit": "(9,94 \u20ac / kg)\r\n        "
  },
  {
    "name": "Kookosepiim SANTA MARIA 400ml",
    "price": "2,05 \u20ac",
    "price/unit": "(5,13 \u20ac / l)\r\n        "
  },
  {
    "name": "Magus t\u0161illikaste THAI-CHOICE 700ml",
    "price": "3,45 \u20ac",
    "price/unit": "(4,93 \u20ac / l)\r\n        "
  },
  {
    "name": "Roheline pesto JAMIE OLIVER 190g",
    "price": "3,35 \u20ac",
    "price/unit": "(17,63 \u20ac / kg)\r\n        "
  },
  {
    "name": "Kookosepiim THAI-CHOICE 400ml",
    "price": "0,89 \u20ac",
    "price/unit": "(2,23 \u20ac / l)\r\n        "
  },
  {
    "name": "Tai riisinuudlid THAI-CHOICE 200g",
    "price": "1,39 \u20ac",
    "price/unit": "(6,95 \u20ac / kg)\r\n        "
  },
  {
    "name": "Tai nuudlid THAI-CHOICE traditsioon.250g",
    "price": "1,79 \u20ac",
    "price/unit": "(7,16 \u20ac / kg)\r\n        "
  },
  {
    "name": "T\u0161illi-k\u00fc\u00fcsl.kaste THAI-CHOICE 700ml",
    "price": "3,15 \u20ac",
    "price/unit": "(4,50 \u20ac / l)\r\n        "
  },
  {
    "name": "Sushi sojak.JAPANESE CHOICE 200ml",
    "price": "2,49 \u20ac",
    "price/unit": "(12,45 \u20ac / l)\r\n        "
  },
  {
    "name": "Pesto Genovese Citres 200g",
    "price": "2,25 \u20ac",
    "price/unit": "(11,25 \u20ac / kg)\r\n        "
  },
  {
    "name": "Sushi Nori lehed SAITAKU 14g",
    "price": "1,72 \u20ac",
    "price/unit": "(122,86 \u20ac / kg)\r\n        "
  },
  {
    "name": "Wasabi pasta SAITAKU 43g",
    "price": "2,30 \u20ac",
    "price/unit": "(53,49 \u20ac / kg)\r\n        "
  },
  {
    "name": "Sushi ingver SAITAKU 190g",
    "price": "2,95 \u20ac",
    "price/unit": "(15,53 \u20ac / kg)\r\n        "
  },
  {
    "name": "Riisi\u00e4\u00e4dikas SAITAKU 150ml",
    "price": "1,39 \u20ac",
    "price/unit": "(9,27 \u20ac / l)\r\n        "
  },
  {
    "name": "Sushiriis SAITAKU 500g",
    "price": "2,49 \u20ac",
    "price/unit": "(4,98 \u20ac / kg)\r\n        "
  },
  {
    "name": "Sushi sojakaste SAITAKU 150ml",
    "price": "1,95 \u20ac",
    "price/unit": "(13,00 \u20ac / l)\r\n        "
  },
  {
    "name": "Miso supp SAITAKU 72g",
    "price": "1,89 \u20ac",
    "price/unit": "(26,25 \u20ac / kg)\r\n        "
  },
  {
    "name": "Maisikr\u00f5psud ESTRELLA juustumaits.150g",
    "price": "1,75 \u20ac",
    "price/unit": "(11,67 \u20ac / kg)\r\n        "
  },
  {
    "name": "Kookosepiim lahja THAI-CHOICE 400ml",
    "price": "1,55 \u20ac",
    "price/unit": "(3,88 \u20ac / l)\r\n        "
  },
  {
    "name": "Kakaojook vitam, kaltsium. BRUMI 300g",
    "price": "1,79 \u20ac",
    "price/unit": "(5,97 \u20ac / kg)\r\n        "
  },
  {
    "name": "Lah.kakaojoogipulber Nesquik NESTLE 400g",
    "price": "2,39 \u20ac",
    "price/unit": "(5,98 \u20ac / kg)\r\n        "
  },
  {
    "name": "Lahustuv kakao Mix Fix KRUGER 400g",
    "price": "2,35 \u20ac",
    "price/unit": "(5,88 \u20ac / kg)\r\n        "
  },
  {
    "name": "Kakao MEIE MARK 150g",
    "price": "1,79 \u20ac",
    "price/unit": "(11,93 \u20ac / kg)\r\n        "
  },
  {
    "name": "Lah.kakaojoogipulber Nesquik NESTLE 200g",
    "price": "1,35 \u20ac",
    "price/unit": "(6,75 \u20ac / kg)\r\n        "
  },
  {
    "name": "Kakaojoogipulber O'BOY Original 450g",
    "price": "3,29 \u20ac",
    "price/unit": "(7,31 \u20ac / kg)\r\n        "
  },
  {
    "name": "Lahustuv kakaojook DINO 400g",
    "price": "1,79 \u20ac",
    "price/unit": "(4,48 \u20ac / kg)\r\n        "
  },
  {
    "name": "Lahustuv kakaojook DINO 500g",
    "price": "2,29 \u20ac",
    "price/unit": "(4,58 \u20ac / kg)\r\n        "
  },
  {
    "name": "Kakaopulber FAZER 200g",
    "price": "2,89 \u20ac",
    "price/unit": "(14,45 \u20ac / kg)\r\n        "
  },
  {
    "name": "Kakaojoogipulber O'BOY Original 700g",
    "price": "4,19 \u20ac",
    "price/unit": "(5,99 \u20ac / kg)\r\n        "
  },
  {
    "name": "Kakao Original BKI 300g",
    "price": "3,99 \u20ac",
    "price/unit": "(13,30 \u20ac / kg)\r\n        "
  },
  {
    "name": "Kaste UNCLE BEN'S Sweet & Sour 400g",
    "price": "1,91 \u20ac",
    "price/unit": "(4,78 \u20ac / kg)\r\n        "
  },
  {
    "name": "Kaste UNCLE BEN'S Sweet&Sour Spicy 400g",
    "price": "1,91 \u20ac",
    "price/unit": "(4,78 \u20ac / kg)\r\n        "
  },
  {
    "name": "Poolmagus Hiina kaste FELIX 500g",
    "price": "1,79 \u20ac",
    "price/unit": "(3,58 \u20ac / kg)\r\n        "
  },
  {
    "name": "Pastakaste Arrabbiata  BARILLA 400g",
    "price": "2,35 \u20ac",
    "price/unit": "(5,88 \u20ac / kg)\r\n        "
  },
  {
    "name": "Pastakaste Bolognese BARILLA 400g",
    "price": "3,49 \u20ac",
    "price/unit": "(8,73 \u20ac / kg)\r\n        "
  },
  {
    "name": "Ket\u0161up t\u0161illiga HEINZ 460g",
    "price": "2,19 \u20ac",
    "price/unit": "(4,76 \u20ac / kg)\r\n        "
  },
  {
    "name": "Makaronikaste lihaga FELIX 500g",
    "price": "1,79 \u20ac",
    "price/unit": "(3,58 \u20ac / kg)\r\n        "
  },
  {
    "name": "Tomatipasta T\u0160UMAK 25% 70g",
    "price": "0,26 \u20ac",
    "price/unit": "(3,71 \u20ac / kg)\r\n        "
  },
  {
    "name": "Tomatip\u00fcree MELISSA 7% 500g",
    "price": "0,73 \u20ac",
    "price/unit": "(1,46 \u20ac / kg)\r\n        "
  },
  {
    "name": "Tomatip\u00fcree MELISSA basiil.ja sibul.500g",
    "price": "0,79 \u20ac",
    "price/unit": "(1,58 \u20ac / kg)\r\n        "
  },
  {
    "name": "Tomatipasta POMI 500g",
    "price": "1,19 \u20ac",
    "price/unit": "(2,38 \u20ac / kg)\r\n        "
  },
  {
    "name": "Ket\u0161up MAADLEX 1kg",
    "price": "0,39 \u20ac",
    "price/unit": "(0,39 \u20ac / kg)\r\n        "
  },
  {
    "name": "Originaalne ket\u0161up HEINZ 700g",
    "price": "2,49 \u20ac",
    "price/unit": "(3,56 \u20ac / kg)\r\n        "
  },
  {
    "name": "Tomatipasta 20% SALVEST300g",
    "price": "1,09 \u20ac",
    "price/unit": "(3,63 \u20ac / kg)\r\n        "
  },
  {
    "name": "Pastakaste Basilico BARILLA  400g",
    "price": "2,35 \u20ac",
    "price/unit": "(5,88 \u20ac / kg)\r\n        "
  },
  {
    "name": "Tomatiket\u0161up MAADLEX 500g",
    "price": "0,87 \u20ac",
    "price/unit": "(1,74 \u20ac / kg)\r\n        "
  },
  {
    "name": "Tomatiket\u0161up MAADLEX 1kg",
    "price": "1,36 \u20ac",
    "price/unit": "(1,36 \u20ac / kg)\r\n        "
  },
  {
    "name": "Terav ket\u0161up MAADLEX 500g",
    "price": "0,87 \u20ac",
    "price/unit": "(1,74 \u20ac / kg)\r\n        "
  },
  {
    "name": "Pastakaste Napoletana BARILLA 400g",
    "price": "2,35 \u20ac",
    "price/unit": "(5,88 \u20ac / kg)\r\n        "
  },
  {
    "name": "Ananassikaste UNCLE BEN'S 400g",
    "price": "1,91 \u20ac",
    "price/unit": "(4,78 \u20ac / kg)\r\n        "
  },
  {
    "name": "Pastakaste aedviljadega FELIX 360g",
    "price": "1,65 \u20ac",
    "price/unit": "(4,58 \u20ac / kg)\r\n        "
  },
  {
    "name": "Pastakaste \u00fcrtidega FELIX 360g",
    "price": "1,65 \u20ac",
    "price/unit": "(4,58 \u20ac / kg)\r\n        "
  },
  {
    "name": "Tomatiket\u0161up MCDONALD'S 580g",
    "price": "1,79 \u20ac",
    "price/unit": "(3,09 \u20ac / kg)\r\n        "
  },
  {
    "name": "\u0160a\u0161l\u00f5kiket\u0161up T\u0160UMAK 300g",
    "price": "0,69 \u20ac",
    "price/unit": "(2,30 \u20ac / kg)\r\n        "
  },
  {
    "name": "Ket\u0161up T\u0160UMAK mahedamaitseline 300g",
    "price": "0,69 \u20ac",
    "price/unit": "(2,30 \u20ac / kg)\r\n        "
  },
  {
    "name": "Ket\u0161up T\u0160UMAK t\u0161illi 300g",
    "price": "0,69 \u20ac",
    "price/unit": "(2,30 \u20ac / kg)\r\n        "
  },
  {
    "name": "Tomatip\u00fcree MELISSA t\u0161illi ja sibul.500g",
    "price": "0,79 \u20ac",
    "price/unit": "(1,58 \u20ac / kg)\r\n        "
  },
  {
    "name": "Pesto p\u00e4hk.- ja magusa paprikaga J.O.",
    "price": "3,35 \u20ac",
    "price/unit": "(17,63 \u20ac / kg)\r\n        "
  },
  {
    "name": "Tomatikaste m\u00e4dar\u00f5ik.Hrenovina PURE 280g",
    "price": "1,39 \u20ac",
    "price/unit": "(4,96 \u20ac / kg)\r\n        "
  },
  {
    "name": "Ket\u0161up MAADLEX T\u0161illi 310g",
    "price": "0,74 \u20ac",
    "price/unit": "(2,39 \u20ac / kg)\r\n        "
  },
  {
    "name": "Ket\u0161up T\u0160UMAK tomati 450g",
    "price": "0,66 \u20ac",
    "price/unit": "(1,47 \u20ac / kg)\r\n        "
  },
  {
    "name": "Ket\u0161up T\u0160UMAK \u0161a\u0161l\u00f5kile 450g",
    "price": "0,85 \u20ac",
    "price/unit": "(1,89 \u20ac / kg)\r\n        "
  },
  {
    "name": "Ket\u0161up T\u0160UMAK mahedamaitseline 450g",
    "price": "0,85 \u20ac",
    "price/unit": "(1,89 \u20ac / kg)\r\n        "
  },
  {
    "name": "Pastakaste PANZANI 4 juustu 370g",
    "price": "2,49 \u20ac",
    "price/unit": "(6,73 \u20ac / kg)\r\n        "
  },
  {
    "name": "Pastakaste PANZANI olliiv.-basiilik.400g",
    "price": "1,79 \u20ac",
    "price/unit": "(4,48 \u20ac / kg)\r\n        "
  },
  {
    "name": "Pastakaste PANZANI Napoletana 400g",
    "price": "1,79 \u20ac",
    "price/unit": "(4,48 \u20ac / kg)\r\n        "
  },
  {
    "name": "Pastakaste PANZANI Originale 400g",
    "price": "1,79 \u20ac",
    "price/unit": "(4,48 \u20ac / kg)\r\n        "
  },
  {
    "name": "Pastakaste PANZANI Extra Bolognese 425g",
    "price": "2,29 \u20ac",
    "price/unit": "(5,39 \u20ac / kg)\r\n        "
  },
  {
    "name": "Kontsentr.tom.pasta 20% Super CIRIO 140g",
    "price": "0,79 \u20ac",
    "price/unit": "(5,64 \u20ac / kg)\r\n        "
  },
  {
    "name": "Ket\u0161up HELLMANN\u00b4S mahedamaitseline 450g",
    "price": "0,99 \u20ac",
    "price/unit": "(2,20 \u20ac / kg)\r\n        "
  },
  {
    "name": "Ket\u0161up HELLMANN'S terav 450g",
    "price": "0,99 \u20ac",
    "price/unit": "(2,20 \u20ac / kg)\r\n        "
  },
  {
    "name": "Grillket\u0161up FAVORIT 300g",
    "price": "0,49 \u20ac",
    "price/unit": "(1,63 \u20ac / kg)\r\n        "
  },
  {
    "name": "Tomatiket\u0161up FAVORIT 450g",
    "price": "0,75 \u20ac",
    "price/unit": "(1,67 \u20ac / kg)\r\n        "
  },
  {
    "name": "Grillket\u0161up FAVORIT 450g",
    "price": "0,75 \u20ac",
    "price/unit": "(1,67 \u20ac / kg)\r\n        "
  },
  {
    "name": "Ket\u0161up MEIRA 950 g",
    "price": "2,65 \u20ac",
    "price/unit": "(2,79 \u20ac / kg)\r\n        "
  },
  {
    "name": "Pastakaste Vahemere \u00fcrtidega SALVEST420g",
    "price": "1,69 \u20ac",
    "price/unit": "(4,02 \u20ac / kg)\r\n        "
  },
  {
    "name": "Magushapu hiina kaste SALVEST 420g",
    "price": "1,69 \u20ac",
    "price/unit": "(4,02 \u20ac / kg)\r\n        "
  },
  {
    "name": "Pastakaste k\u00f6\u00f6giviljadega SALVEST 420 g",
    "price": "1,69 \u20ac",
    "price/unit": "(4,02 \u20ac / kg)\r\n        "
  },
  {
    "name": "Pastakaste Bolognese hakklih.SALVEST420g",
    "price": "1,79 \u20ac",
    "price/unit": "(4,26 \u20ac / kg)\r\n        "
  },
  {
    "name": "Tomatipasta 30% MAADLEX 200g",
    "price": "0,69 \u20ac",
    "price/unit": "(3,45 \u20ac / kg)\r\n        "
  },
  {
    "name": "Kohupiimajuustuke KARUMS vanilje 45g",
    "price": "0,30 \u20ac",
    "price/unit": "(6,67 \u20ac / kg)\r\n        "
  },
  {
    "name": "Kohupiimajuustuke KARUMS kokoose 45g",
    "price": "0,30 \u20ac",
    "price/unit": "(6,67 \u20ac / kg)\r\n        "
  },
  {
    "name": "Kohupiimajuustuke KARUMS karamelli 45g",
    "price": "0,30 \u20ac",
    "price/unit": "(6,67 \u20ac / kg)\r\n        "
  },
  {
    "name": "Kohup.juustuke KARUMS \u0161ok.t\u00fckkidega 45g",
    "price": "0,30 \u20ac",
    "price/unit": "(6,67 \u20ac / kg)\r\n        "
  },
  {
    "name": "Glasuurkohuke TERE mustikamoosiga 43g",
    "price": "0,35 \u20ac",
    "price/unit": "(8,14 \u20ac / kg)\r\n        "
  },
  {
    "name": "Kohuke TERE j\u00f5hvikamoosiga, 43g",
    "price": "0,35 \u20ac",
    "price/unit": "(8,14 \u20ac / kg)\r\n        "
  },
  {
    "name": "Glas.kohuke mooniga MAGIJA, 45g",
    "price": "0,33 \u20ac",
    "price/unit": "(7,33 \u20ac / kg)\r\n        "
  },
  {
    "name": "Kohuke KARUMS sidrunimaits.45g",
    "price": "0,30 \u20ac",
    "price/unit": "(6,67 \u20ac / kg)\r\n        "
  },
  {
    "name": "Biskviitikook KINDER Pingui Choco 30g",
    "price": "0,42 \u20ac",
    "price/unit": "(14,00 \u20ac / kg)\r\n        "
  },
  {
    "name": "\u0160ok.batoonike KINDER Milk Ferrero  28g",
    "price": "0,44 \u20ac",
    "price/unit": "(15,71 \u20ac / kg)\r\n        "
  },
  {
    "name": "\u0160okolaadibatoonike KINDER Maxi King 35g",
    "price": "0,65 \u20ac",
    "price/unit": "(18,57 \u20ac / kg)\r\n        "
  },
  {
    "name": "Vanillikohuke MAGIJA, 45g",
    "price": "0,33 \u20ac",
    "price/unit": "(7,33 \u20ac / kg)\r\n        "
  },
  {
    "name": "Glasuurkohuke TERE vanilliiniga 43g",
    "price": "0,35 \u20ac",
    "price/unit": "(8,14 \u20ac / kg)\r\n        "
  },
  {
    "name": "Glas.kakaodessert HOMMIKU, 38g",
    "price": "0,22 \u20ac",
    "price/unit": "(5,79 \u20ac / kg)\r\n        "
  },
  {
    "name": "Kohuke TERE juustukoogi, 43g",
    "price": "0,35 \u20ac",
    "price/unit": "(8,14 \u20ac / kg)\r\n        "
  },
  {
    "name": "\u0160ok.kohuke \u0161ok.t\u00fckkidega MAGIJA, 45g",
    "price": "0,33 \u20ac",
    "price/unit": "(7,33 \u20ac / kg)\r\n        "
  },
  {
    "name": "Glas.kohuke Vilvi mooniga 40g",
    "price": "0,29 \u20ac",
    "price/unit": "(7,25 \u20ac / kg)\r\n        "
  },
  {
    "name": "Glas.kohuke Vilvi kuiv.ploomi 40g",
    "price": "0,29 \u20ac",
    "price/unit": "(7,25 \u20ac / kg)\r\n        "
  },
  {
    "name": "Vanillikohuke toffee.glas.MAGIJA, 45g",
    "price": "0,33 \u20ac",
    "price/unit": "(7,33 \u20ac / kg)\r\n        "
  },
  {
    "name": "Vanilli kohuke TERE multipakk,7x43 g",
    "price": "2,29 \u20ac",
    "price/unit": "(7,61 \u20ac / kg)\r\n        "
  },
  {
    "name": "Kohuke kondenspiim.t\u00e4idis.MAGIJA, 45g",
    "price": "0,33 \u20ac",
    "price/unit": "(7,33 \u20ac / kg)\r\n        "
  },
  {
    "name": "\u0160ok.batoonike kokoose Mio Delizzi,30g",
    "price": "0,33 \u20ac",
    "price/unit": "(11,00 \u20ac / kg)\r\n        "
  },
  {
    "name": "\u0160ok.batoonike kakao Mio Delizzi,30g",
    "price": "0,33 \u20ac",
    "price/unit": "(11,00 \u20ac / kg)\r\n        "
  },
  {
    "name": "Kohupiimades. Varenos vanilli vahvl, 39g",
    "price": "0,36 \u20ac",
    "price/unit": "(9,23 \u20ac / kg)\r\n        "
  },
  {
    "name": "Kohupiimades. Varenos kondens. vahvl,39g",
    "price": "0,36 \u20ac",
    "price/unit": "(9,23 \u20ac / kg)\r\n        "
  },
  {
    "name": "\u0160okolaadikohuke MURR 40g",
    "price": "0,31 \u20ac",
    "price/unit": "(7,75 \u20ac / kg)\r\n        "
  },
  {
    "name": "Kohuke biskviidi MURR 40g",
    "price": "0,31 \u20ac",
    "price/unit": "(7,75 \u20ac / kg)\r\n        "
  },
  {
    "name": "Vanilli kohuke MURR 40g",
    "price": "0,31 \u20ac",
    "price/unit": "(7,75 \u20ac / kg)\r\n        "
  },
  {
    "name": "Kohuke kondenspiim.MURR 40g",
    "price": "0,31 \u20ac",
    "price/unit": "(7,75 \u20ac / kg)\r\n        "
  },
  {
    "name": "Kohuke KARUMS k\u00fcpsise ja kon.piimaga,45g",
    "price": "0,40 \u20ac",
    "price/unit": "(8,89 \u20ac / kg)\r\n        "
  },
  {
    "name": "Kohuke SAARE muraka-sidruni, 40g",
    "price": "0,25 \u20ac",
    "price/unit": "(6,25 \u20ac / kg)\r\n        "
  },
  {
    "name": "Glasuurkohuke MURR pistaatsia, 40g",
    "price": "0,31 \u20ac",
    "price/unit": "(7,75 \u20ac / kg)\r\n        "
  },
  {
    "name": "Glasuurkohuke MURR mascarpone, 40g",
    "price": "0,31 \u20ac",
    "price/unit": "(7,75 \u20ac / kg)\r\n        "
  },
  {
    "name": "Glasuurkohuke aedmaasikaga, AASA, 40g",
    "price": "0,38 \u20ac",
    "price/unit": "(9,50 \u20ac / kg)\r\n        "
  },
  {
    "name": "Glasuurkohuke vanilliiniga, AASA, 40g",
    "price": "0,38 \u20ac",
    "price/unit": "(9,50 \u20ac / kg)\r\n        "
  },
  {
    "name": "Vanillikohuke FARMI Maxi +25% , 50g",
    "price": "0,39 \u20ac",
    "price/unit": "(7,80 \u20ac / kg)\r\n        "
  },
  {
    "name": "Glasuurkohuke \u0161ok.t\u00fckkidega AASA, 40g",
    "price": "0,38 \u20ac",
    "price/unit": "(9,50 \u20ac / kg)\r\n        "
  },
  {
    "name": "Glasuurkohuke kondenspiimaga AASA, 40g",
    "price": "0,38 \u20ac",
    "price/unit": "(9,50 \u20ac / kg)\r\n        "
  },
  {
    "name": "KINDER Pingui Karamell, 30g",
    "price": "0,56 \u20ac",
    "price/unit": "(18,67 \u20ac / kg)\r\n        "
  },
  {
    "name": "Karastusjook COCA-COLA ZERO 2L",
    "price": "1,69 \u20ac",
    "price/unit": "(0,85 \u20ac / l)\r\n        "
  },
  {
    "name": "Mineraalvesi V\u00c4RSKA originaal 1.5L",
    "price": " + 0,10 \u20ac pant",
    "price/unit": "(0,66 \u20ac / l)\r\n        "
  },
  {
    "name": "Joogivesi SAAREMAA 1.5L",
    "price": "0,99 \u20ac",
    "price/unit": "(0,33 \u20ac / l)\r\n        "
  },
  {
    "name": "Apelsinimahl P\u00d5LTSAMAA 1L",
    "price": " + 0,10 \u20ac pant",
    "price/unit": "(1,19 \u20ac / l)\r\n        "
  },
  {
    "name": "Apelsinimahl PURE 100% 1L",
    "price": "0,49 \u20ac",
    "price/unit": "(2,19 \u20ac / l)\r\n        "
  },
  {
    "name": "Karastusjook RC COLA 1.5L",
    "price": " + 0,10 \u20ac pant",
    "price/unit": "(0,63 \u20ac / l)\r\n        "
  },
  {
    "name": "Mineraalvesi V\u00c4RSKA 1.9L, g-tud",
    "price": "1,19 \u20ac",
    "price/unit": "(0,52 \u20ac / l)\r\n        "
  },
  {
    "name": "Vitam.jook Vitamineral Power 750ml",
    "price": "2,19 \u20ac",
    "price/unit": "(1,27 \u20ac / l)\r\n        "
  },
  {
    "name": "Tordipulber Juubeli VILMA 450g",
    "price": "1,29 \u20ac",
    "price/unit": "(2,87 \u20ac / kg)\r\n        "
  },
  {
    "name": "Pannkoogijahu VILMA 500g",
    "price": "0,89 \u20ac",
    "price/unit": "(1,78 \u20ac / kg)\r\n        "
  },
  {
    "name": "Pitsap\u00f5hjapulber VILMA 400g",
    "price": "0,89 \u20ac",
    "price/unit": "(2,23 \u20ac / kg)\r\n        "
  },
  {
    "name": "\u00dclepannikoogijahu VILMA 500g",
    "price": "0,99 \u20ac",
    "price/unit": "(1,98 \u20ac / kg)\r\n        "
  },
  {
    "name": "Nisujahu k/s  T-550 KALEW 2,0kg",
    "price": "0,99 \u20ac",
    "price/unit": "(0,50 \u20ac / kg)\r\n        "
  },
  {
    "name": "Nisujahu k/s KALEW 1,0 kg",
    "price": "0,66 \u20ac",
    "price/unit": "(0,66 \u20ac / kg)\r\n        "
  },
  {
    "name": "Eesti nisujahu k/s T-405 KALEW  1kg",
    "price": "0,62 \u20ac",
    "price/unit": "(0,62 \u20ac / kg)\r\n        "
  },
  {
    "name": "Nisujahu  1.sort T-812 OPTIMA LINIJA 2kg",
    "price": "0,69 \u20ac",
    "price/unit": "(0,35 \u20ac / kg)\r\n        "
  },
  {
    "name": "Muffinipulber VILMA 400g",
    "price": "1,29 \u20ac",
    "price/unit": "(3,23 \u20ac / kg)\r\n        "
  },
  {
    "name": "\u0160okolaadimuffinipulber VILMA 400g",
    "price": "0,99 \u20ac",
    "price/unit": "(2,48 \u20ac / kg)\r\n        "
  },
  {
    "name": "Nisujahu KALEW k\u00f5rgem sort T-405 2kg",
    "price": "0,99 \u20ac",
    "price/unit": "(0,50 \u20ac / kg)\r\n        "
  },
  {
    "name": "Nisujahu k\u00f5rg.s.T-550 MAXIMA FAVORIT 2kg",
    "price": "0,79 \u20ac",
    "price/unit": "(0,40 \u20ac / kg)\r\n        "
  },
  {
    "name": "Eriti hea nisujahu VESKI MATI 2kg",
    "price": "1,36 \u20ac",
    "price/unit": "(0,68 \u20ac / kg)\r\n        "
  },
  {
    "name": "T\u00e4isteranisujahu VESKI MATI 1kg",
    "price": "0,85 \u20ac",
    "price/unit": "(0,85 \u20ac / kg)\r\n        "
  },
  {
    "name": "Odrajahu VESKI MATI 1,5kg",
    "price": "1,39 \u20ac",
    "price/unit": "(0,93 \u20ac / kg)\r\n        "
  },
  {
    "name": "Kaerajahu VESKI MATI 700g",
    "price": "1,09 \u20ac",
    "price/unit": "(1,56 \u20ac / kg)\r\n        "
  },
  {
    "name": "Eriti hea nisujahu VESKI MATI 1kg",
    "price": "1,15 \u20ac",
    "price/unit": "(1,15 \u20ac / kg)\r\n        "
  },
  {
    "name": "Tatrajahu VESKI MATI 1kg",
    "price": "2,39 \u20ac",
    "price/unit": "(2,39 \u20ac / kg)\r\n        "
  },
  {
    "name": "Riisijahu VESKI MATI 1kg",
    "price": "1,49 \u20ac",
    "price/unit": "(1,49 \u20ac / kg)\r\n        "
  },
  {
    "name": "Kamajahu TARTU MILL 400g",
    "price": "1,39 \u20ac",
    "price/unit": "(3,48 \u20ac / kg)\r\n        "
  },
  {
    "name": "Kodukeeksipulber TARTU MILL 450g",
    "price": "1,25 \u20ac",
    "price/unit": "(2,78 \u20ac / kg)\r\n        "
  },
  {
    "name": "\u00d5hukeste pannkookide jahu TARTU MILL400g",
    "price": "0,85 \u20ac",
    "price/unit": "(2,13 \u20ac / kg)\r\n        "
  },
  {
    "name": "P\u00e4rmitaigna pannkoogijahu TARTU MILL508g",
    "price": "1,15 \u20ac",
    "price/unit": "(2,26 \u20ac / kg)\r\n        "
  },
  {
    "name": "Pitsap\u00f5hjapulber TARTU MILL 400g",
    "price": "0,85 \u20ac",
    "price/unit": "(2,13 \u20ac / kg)\r\n        "
  },
  {
    "name": "Plaadikook TARTU MILL 400g",
    "price": "1,19 \u20ac",
    "price/unit": "(2,98 \u20ac / kg)\r\n        "
  },
  {
    "name": "Rukkit\u00e4isterajahu TARTU MILL 1,5kg",
    "price": "0,95 \u20ac",
    "price/unit": "(0,63 \u20ac / kg)\r\n        "
  },
  {
    "name": "Leivasupp puuviljadega TARTU MILL 300g",
    "price": "1,25 \u20ac",
    "price/unit": "(4,17 \u20ac / kg)\r\n        "
  },
  {
    "name": "Juubeli tordipulber Tartu Mill 450g",
    "price": "0,95 \u20ac",
    "price/unit": "(2,11 \u20ac / kg)\r\n        "
  },
  {
    "name": "P\u00e4rmitaigna jahusegu TARTU MILL 508 g",
    "price": "1,29 \u20ac",
    "price/unit": "(2,54 \u20ac / kg)\r\n        "
  },
  {
    "name": "Rukkijahu MAXIMA FAVORIT 1kg",
    "price": "0,65 \u20ac",
    "price/unit": "(0,65 \u20ac / kg)\r\n        "
  },
  {
    "name": "\u0160ok.t\u00fckk. keeksijahu DR.OETKER 300g",
    "price": "1,69 \u20ac",
    "price/unit": "(5,63 \u20ac / kg)\r\n        "
  },
  {
    "name": "Pille pisikesed pannkoogidTARTU MILL400g",
    "price": "1,15 \u20ac",
    "price/unit": "(2,88 \u20ac / kg)\r\n        "
  },
  {
    "name": "Siidrunikeeksijahu DR.OETKER 375g",
    "price": "1,35 \u20ac",
    "price/unit": "(3,60 \u20ac / kg)\r\n        "
  },
  {
    "name": "Mannavaht TARTU MILL 250g",
    "price": "1,29 \u20ac",
    "price/unit": "(5,16 \u20ac / kg)\r\n        "
  },
  {
    "name": "Rukkikama TARTU MILL 400g",
    "price": "1,45 \u20ac",
    "price/unit": "(3,63 \u20ac / kg)\r\n        "
  },
  {
    "name": "T\u00e4istera nisujahu TARTU MILL1kg",
    "price": "0,69 \u20ac",
    "price/unit": "(0,69 \u20ac / kg)\r\n        "
  },
  {
    "name": "Sidrunikeeks TARTU MILL 450g",
    "price": "1,25 \u20ac",
    "price/unit": "(2,78 \u20ac / kg)\r\n        "
  },
  {
    "name": "Muffin TARTU MILL 400g",
    "price": "1,19 \u20ac",
    "price/unit": "(2,98 \u20ac / kg)\r\n        "
  },
  {
    "name": "Pitsa jahusegu KITCHEN MOOD 400g",
    "price": "0,67 \u20ac",
    "price/unit": "(1,68 \u20ac / kg)\r\n        "
  },
  {
    "name": "Pannkookide jahusegu KITCHEN MOOD 400g",
    "price": "0,67 \u20ac",
    "price/unit": "(1,68 \u20ac / kg)\r\n        "
  },
  {
    "name": "Juubeli tordipulber t\u00e4ist.jah.VILMA 450g",
    "price": "1,49 \u20ac",
    "price/unit": "(3,31 \u20ac / kg)\r\n        "
  },
  {
    "name": "\u00dclepannikoogijahu t\u00e4ist.jah.VILMA 500g",
    "price": "1,25 \u20ac",
    "price/unit": "(2,50 \u20ac / kg)\r\n        "
  },
  {
    "name": "Muffinipulber t\u00e4ist.jahuga VILMA 400g",
    "price": "1,29 \u20ac",
    "price/unit": "(3,23 \u20ac / kg)\r\n        "
  },
  {
    "name": "P\u00f5ltsamaa sinep FELIX 65g",
    "price": "0,74 \u20ac",
    "price/unit": "(11,38 \u20ac / kg)\r\n        "
  },
  {
    "name": "M\u00e4dar\u00f5igas MINU 180g",
    "price": "0,58 \u20ac",
    "price/unit": "(3,22 \u20ac / kg)\r\n        "
  },
  {
    "name": "Sinep kange MAADLEX 75g",
    "price": "0,56 \u20ac",
    "price/unit": "(7,47 \u20ac / kg)\r\n        "
  },
  {
    "name": "Teraline sinep BOUTON D'OR 350g",
    "price": "2,15 \u20ac",
    "price/unit": "(6,14 \u20ac / kg)\r\n        "
  },
  {
    "name": "M\u00e4dar\u00f5igas Kodune FELIX 220g",
    "price": "1,15 \u20ac",
    "price/unit": "(5,23 \u20ac / kg)\r\n        "
  },
  {
    "name": "Sinep prantsuse moodi FAVORIT 170g",
    "price": "0,61 \u20ac",
    "price/unit": "(3,59 \u20ac / kg)\r\n        "
  },
  {
    "name": "Mahedamaitseline sinep P\u00d5LTSAMAA 170g",
    "price": "1,55 \u20ac",
    "price/unit": "(9,12 \u20ac / kg)\r\n        "
  },
  {
    "name": "Sinep traditsiooniline MEIRA 500g",
    "price": "2,15 \u20ac",
    "price/unit": "(4,30 \u20ac / kg)\r\n        "
  },
  {
    "name": "Spagetid LAMOLISANA 500g",
    "price": "1,19 \u20ac",
    "price/unit": "(2,38 \u20ac / kg)\r\n        "
  },
  {
    "name": "Makaronid Farfalle rigate LAMOLISANA500g",
    "price": "1,19 \u20ac",
    "price/unit": "(2,38 \u20ac / kg)\r\n        "
  },
  {
    "name": "Makaronid Caserecce LAMOLISANA 500g",
    "price": "1,19 \u20ac",
    "price/unit": "(2,38 \u20ac / kg)\r\n        "
  },
  {
    "name": "Makaronid niitpesad 3 GLOCKEN 500g",
    "price": "2,29 \u20ac",
    "price/unit": "(4,58 \u20ac / kg)\r\n        "
  },
  {
    "name": "Makaronid lipsukesed  BARILLA 500g",
    "price": "1,45 \u20ac",
    "price/unit": "(2,90 \u20ac / kg)\r\n        "
  },
  {
    "name": "Makaronid Penne Rigate BARILLA 500g",
    "price": "1,45 \u20ac",
    "price/unit": "(2,90 \u20ac / kg)\r\n        "
  },
  {
    "name": "Spagetid BARILLA 500g",
    "price": "1,45 \u20ac",
    "price/unit": "(2,90 \u20ac / kg)\r\n        "
  },
  {
    "name": "Makaronid spiraalid BARILLA 500g",
    "price": "1,45 \u20ac",
    "price/unit": "(2,90 \u20ac / kg)\r\n        "
  },
  {
    "name": "Makaronid  Gomiti  DIVELLA  500g",
    "price": "0,69 \u20ac",
    "price/unit": "(1,38 \u20ac / kg)\r\n        "
  },
  {
    "name": "Makaronid Fusilli DIVELLA  500g",
    "price": "0,69 \u20ac",
    "price/unit": "(1,38 \u20ac / kg)\r\n        "
  },
  {
    "name": "Makaronid kodune nuudel 3GLOCKEN 500g",
    "price": "1,99 \u20ac",
    "price/unit": "(3,98 \u20ac / kg)\r\n        "
  },
  {
    "name": "Makaronid Capellini DIVELLA 500g",
    "price": "0,69 \u20ac",
    "price/unit": "(1,38 \u20ac / kg)\r\n        "
  },
  {
    "name": "Makaronid Ditali DIVELLA 500g",
    "price": "0,69 \u20ac",
    "price/unit": "(1,38 \u20ac / kg)\r\n        "
  },
  {
    "name": "Makaronid  Anellini DIVELLA  500g",
    "price": "0,69 \u20ac",
    "price/unit": "(1,38 \u20ac / kg)\r\n        "
  },
  {
    "name": "Makaronid Tagliateli DIVELLA 500g",
    "price": "1,19 \u20ac",
    "price/unit": "(2,38 \u20ac / kg)\r\n        "
  },
  {
    "name": "Makaronid OPTIMA LINJA nuudlid 400g",
    "price": "0,29 \u20ac",
    "price/unit": "(0,73 \u20ac / kg)\r\n        "
  },
  {
    "name": "Makaronid spiraalid  OPTIMA LINIJA  400g",
    "price": "0,29 \u20ac",
    "price/unit": "(0,73 \u20ac / kg)\r\n        "
  },
  {
    "name": "Makaronid sarvekesed  OPTIMA LINJA 400g",
    "price": "0,18 \u20ac",
    "price/unit": "(0,45 \u20ac / kg)\r\n        "
  },
  {
    "name": "Makaronid  Lumache DIVELLA  500g",
    "price": "0,69 \u20ac",
    "price/unit": "(1,38 \u20ac / kg)\r\n        "
  },
  {
    "name": "Makaronid Casarecce BARILLA 500g",
    "price": "1,45 \u20ac",
    "price/unit": "(2,90 \u20ac / kg)\r\n        "
  },
  {
    "name": "Makaronide valik LAMOLISANA 500g",
    "price": "1,19 \u20ac",
    "price/unit": "(2,38 \u20ac / kg)\r\n        "
  },
  {
    "name": "Spagetid OPTIMA LINIJA 400 g",
    "price": "0,29 \u20ac",
    "price/unit": "(0,73 \u20ac / kg)\r\n        "
  },
  {
    "name": "Spagetid PASTA REGGIA 500g",
    "price": "0,99 \u20ac",
    "price/unit": "(1,98 \u20ac / kg)\r\n        "
  },
  {
    "name": "Makaronid spiraalid PASTA REGGIA 500g",
    "price": "0,99 \u20ac",
    "price/unit": "(1,98 \u20ac / kg)\r\n        "
  },
  {
    "name": "Makaronid Paternosti Lisci DIVELLA 500g",
    "price": "0,69 \u20ac",
    "price/unit": "(1,38 \u20ac / kg)\r\n        "
  },
  {
    "name": "Makaronid sarvekesed  OPTIMA LINIJA 800g",
    "price": "0,45 \u20ac",
    "price/unit": "(0,56 \u20ac / kg)\r\n        "
  },
  {
    "name": "Lintnuudlid kitsad PASTA REGGIA 500g",
    "price": "0,99 \u20ac",
    "price/unit": "(1,98 \u20ac / kg)\r\n        "
  },
  {
    "name": "Makaronid torukesed PASTA REGGIA 500g",
    "price": "0,99 \u20ac",
    "price/unit": "(1,98 \u20ac / kg)\r\n        "
  },
  {
    "name": "Makaronid sarvekesed PASTA REGGIA 500g",
    "price": "0,99 \u20ac",
    "price/unit": "(1,98 \u20ac / kg)\r\n        "
  },
  {
    "name": "Niitnuudlid PASTA REGGIA 500g",
    "price": "0,99 \u20ac",
    "price/unit": "(1,98 \u20ac / kg)\r\n        "
  },
  {
    "name": "Makaronid torukesed JAMIE OLIVER 500g",
    "price": "2,69 \u20ac",
    "price/unit": "(5,38 \u20ac / kg)\r\n        "
  },
  {
    "name": "Makaronid Piccolini Penne R.BARILLA 500g",
    "price": "1,45 \u20ac",
    "price/unit": "(2,90 \u20ac / kg)\r\n        "
  },
  {
    "name": "Laastmakaron Nouilles Fines PANZANI 500g",
    "price": "1,39 \u20ac",
    "price/unit": "(2,78 \u20ac / kg)\r\n        "
  },
  {
    "name": "Spagetid n.5 PANZANI 500g",
    "price": "1,39 \u20ac",
    "price/unit": "(2,78 \u20ac / kg)\r\n        "
  },
  {
    "name": "Makaronid Penne Rigate PANZANI 500g",
    "price": "1,39 \u20ac",
    "price/unit": "(2,78 \u20ac / kg)\r\n        "
  },
  {
    "name": "Makaronid sarvekesed PANZANI 500g",
    "price": "1,39 \u20ac",
    "price/unit": "(2,78 \u20ac / kg)\r\n        "
  },
  {
    "name": "Makaronid Serpentini PANZANI 500g",
    "price": "1,39 \u20ac",
    "price/unit": "(2,78 \u20ac / kg)\r\n        "
  },
  {
    "name": "Makaronid Macaroni PANZANI 500g",
    "price": "1,39 \u20ac",
    "price/unit": "(2,78 \u20ac / kg)\r\n        "
  },
  {
    "name": "Makaronid Farfalle PANZANI 500g",
    "price": "1,39 \u20ac",
    "price/unit": "(2,78 \u20ac / kg)\r\n        "
  },
  {
    "name": "Torumakaronid LAMOLISANA 500g",
    "price": "1,19 \u20ac",
    "price/unit": "(2,38 \u20ac / kg)\r\n        "
  },
  {
    "name": "Makaronid spiraalid LAMOLISANA 500g",
    "price": "1,19 \u20ac",
    "price/unit": "(2,38 \u20ac / kg)\r\n        "
  },
  {
    "name": "Spagetid PANZANI 1kg",
    "price": "1,99 \u20ac",
    "price/unit": "(1,99 \u20ac / kg)\r\n        "
  },
  {
    "name": "Makaronid Fusilli PANZANI 1kg",
    "price": "1,99 \u20ac",
    "price/unit": "(1,99 \u20ac / kg)\r\n        "
  },
  {
    "name": "Makaron.teokarbid Conchiglie PANZANI500g",
    "price": "1,39 \u20ac",
    "price/unit": "(2,78 \u20ac / kg)\r\n        "
  },
  {
    "name": "Pasta Reggia Ditalini v\u00e4ike toru 500g",
    "price": "0,99 \u20ac",
    "price/unit": "(1,98 \u20ac / kg)\r\n        "
  },
  {
    "name": "Makaronid Penne Tartu Mill 500g",
    "price": "0,59 \u20ac",
    "price/unit": "(1,18 \u20ac / kg)\r\n        "
  },
  {
    "name": "Makaronid Fusilli Tartu Mill 500g",
    "price": "0,65 \u20ac",
    "price/unit": "(1,30 \u20ac / kg)\r\n        "
  },
  {
    "name": "Makaronid Cornetti Tartu Mill 500g",
    "price": "0,65 \u20ac",
    "price/unit": "(1,30 \u20ac / kg)\r\n        "
  },
  {
    "name": "Makaronid Puntine TARTU MILL 500g",
    "price": "0,65 \u20ac",
    "price/unit": "(1,30 \u20ac / kg)\r\n        "
  },
  {
    "name": "Makaronid Filini Piccoli Tartu Mill 500g",
    "price": "0,65 \u20ac",
    "price/unit": "(1,30 \u20ac / kg)\r\n        "
  },
  {
    "name": "Pruun t\u00fckksuhkur DAN SUKKER 500g",
    "price": "1,69 \u20ac",
    "price/unit": "(3,38 \u20ac / kg)\r\n        "
  },
  {
    "name": "Suhkruasendaja Diamant",
    "price": "1,39 \u20ac",
    "price/unit": "(1,39 \u20ac / tk)\r\n        "
  },
  {
    "name": "Mini-t\u00fckksuhkur DAN SUKKER 500g",
    "price": "1,15 \u20ac",
    "price/unit": "(2,30 \u20ac / kg)\r\n        "
  },
  {
    "name": "Suhkur DEMERARA Dan Sukker 500g",
    "price": "1,39 \u20ac",
    "price/unit": "(2,78 \u20ac / kg)\r\n        "
  },
  {
    "name": "Suhkur DAN SUKKER paberis 1kg",
    "price": "0,59 \u20ac",
    "price/unit": "(0,59 \u20ac / kg)\r\n        "
  },
  {
    "name": "Tuhksuhkur DAN SUKKER 500g",
    "price": "0,95 \u20ac",
    "price/unit": "(1,90 \u20ac / kg)\r\n        "
  },
  {
    "name": "Moosisuhkur DAN SUKKER 1kg",
    "price": "1,99 \u20ac",
    "price/unit": "(1,99 \u20ac / kg)\r\n        "
  },
  {
    "name": "Vahtrasiirup 250ml",
    "price": "6,99 \u20ac",
    "price/unit": "(27,96 \u20ac / l)\r\n        "
  },
  {
    "name": "T\u00fckksuhkur MAXIMA FAVORIT 500g",
    "price": "0,99 \u20ac",
    "price/unit": "(1,98 \u20ac / kg)\r\n        "
  },
  {
    "name": "Rafineer.-ta pruun suhkur DELIKA 500g",
    "price": "1,29 \u20ac",
    "price/unit": "(2,58 \u20ac / kg)\r\n        "
  },
  {
    "name": "Pruun roosuhkur DAN SUKKER 750g",
    "price": "1,85 \u20ac",
    "price/unit": "(2,47 \u20ac / kg)\r\n        "
  },
  {
    "name": "Peensuhkur pakikest. MAXIMA FAVORIT50x5g",
    "price": "1,39 \u20ac",
    "price/unit": "(5,56 \u20ac / kg)\r\n        "
  },
  {
    "name": "Pruun peensuhkur FAVORIT 50x5g",
    "price": "1,49 \u20ac",
    "price/unit": "(5,96 \u20ac / kg)\r\n        "
  },
  {
    "name": "Suhkur OPTIMA LINIJA paberis 1kg",
    "price": "0,39 \u20ac",
    "price/unit": "(0,39 \u20ac / kg)\r\n        "
  },
  {
    "name": "Hele \u00f5lu TUBORG Lime cut 4.5% 330ml",
    "price": "1,19 \u20ac",
    "price/unit": "(3,61 \u20ac / l)\r\n        "
  },
  {
    "name": "M\u00f5du SAKU 4% 500ml",
    "price": " + 0,10 \u20ac pant",
    "price/unit": "(2,90 \u20ac / l)\r\n        "
  },
  {
    "name": "\u00d5llekokteil Saku on ICE Tsitrus 4%0.33l",
    "price": "1,45 \u20ac",
    "price/unit": "(3,61 \u20ac / l)\r\n        "
  },
  {
    "name": "\u00d5llekokteil Saku on ICE Granaat.4%0.33l",
    "price": " + 0,10 \u20ac pant",
    "price/unit": "(3,61 \u20ac / l)\r\n        "
  },
  {
    "name": "Doktorivorst RAKVERE 600g",
    "price": "1,89 \u20ac",
    "price/unit": "(3,15 \u20ac / kg)\r\n        "
  },
  {
    "name": "Hakkliha Kodune RAKVERE, 400g",
    "price": "1,95 \u20ac",
    "price/unit": "(4,88 \u20ac / kg)\r\n        "
  },
  {
    "name": "Sea-v\u00e4lisfilee kamaraga MK, kg",
    "price": "5,29 \u20ac",
    "price/unit": "(5,29 \u20ac / kg)\r\n        "
  },
  {
    "name": "K-s peekonit\u00fckk termos, kg (Saaremaa)",
    "price": "6,59 \u20ac",
    "price/unit": "(6,59 \u20ac / kg)\r\n        "
  },
  {
    "name": "Maamehe suitsusink N\u00d5O, 105g",
    "price": "1,45 \u20ac",
    "price/unit": "(13,81 \u20ac / kg)\r\n        "
  },
  {
    "name": "Jahutatud broiler RANNAM\u00d5ISA, kg",
    "price": "2,49 \u20ac",
    "price/unit": "(2,49 \u20ac / kg)\r\n        "
  },
  {
    "name": "Poolsuitsuvorst Krakov N\u00d5O 270g (pak)",
    "price": "1,39 \u20ac",
    "price/unit": "(5,15 \u20ac / kg)\r\n        "
  },
  {
    "name": "R\u00fc\u00fctli sink viil. 120g (Saaremaa)",
    "price": "1,39 \u20ac",
    "price/unit": "(11,58 \u20ac / kg)\r\n        "
  },
  {
    "name": "Lastevorst RAKVERE, 600g",
    "price": "1,90 \u20ac",
    "price/unit": "(3,17 \u20ac / kg)\r\n        "
  },
  {
    "name": "Sea-v\u00e4lisfilee MK, kg",
    "price": "5,49 \u20ac",
    "price/unit": "(5,49 \u20ac / kg)\r\n        "
  },
  {
    "name": "Sea abaliha MK, kg",
    "price": "3,89 \u20ac",
    "price/unit": "(3,89 \u20ac / kg)\r\n        "
  },
  {
    "name": "Jah. br. poolkoivad TALLEGG, kg-lett",
    "price": "2,99 \u20ac",
    "price/unit": "(2,99 \u20ac / kg)\r\n        "
  },
  {
    "name": "Jah. broileritiivad TALLEGG, kg-lett",
    "price": "3,69 \u20ac",
    "price/unit": "(3,69 \u20ac / kg)\r\n        "
  },
  {
    "name": "Kanalihas\u00fclt UVIC 330g",
    "price": "1,75 \u20ac",
    "price/unit": "(5,30 \u20ac / kg)\r\n        "
  },
  {
    "name": "T\u00e4issuitsuvorst Lossi N\u00d5O 285g",
    "price": "3,89 \u20ac",
    "price/unit": "(13,65 \u20ac / kg)\r\n        "
  },
  {
    "name": "Hakkliha sea- ja veiselihast RAKV.,400g",
    "price": "2,09 \u20ac",
    "price/unit": "(5,23 \u20ac / kg)\r\n        "
  },
  {
    "name": "Suitsutatud vorst Reval Uvic 230g",
    "price": "2,19 \u20ac",
    "price/unit": "(9,52 \u20ac / kg)\r\n        "
  },
  {
    "name": "Ameerikap\u00e4rane toor/s.peekon RAKVERE",
    "price": "1,69 \u20ac",
    "price/unit": "(11,27 \u20ac / kg)\r\n        "
  },
  {
    "name": "Kuivatatud vorst fuet Aroso 160g",
    "price": "2,15 \u20ac",
    "price/unit": "(13,44 \u20ac / kg)\r\n        "
  },
  {
    "name": "Perepihvid RAKVERE, 400g",
    "price": "1,09 \u20ac",
    "price/unit": "(2,73 \u20ac / kg)\r\n        "
  },
  {
    "name": "Pihvid RAKVERE, 430g",
    "price": "1,69 \u20ac",
    "price/unit": "(3,93 \u20ac / kg)\r\n        "
  },
  {
    "name": "Mini-salaami rohelise pipraga, 270 g",
    "price": "3,39 \u20ac",
    "price/unit": "(12,56 \u20ac / kg)\r\n        "
  },
  {
    "name": "Lihapihvid juustuga M&M, 400g",
    "price": "1,69 \u20ac",
    "price/unit": "(4,23 \u20ac / kg)\r\n        "
  },
  {
    "name": "Sea v\u00e4lisfilee l\u00f5igud MK, 490g",
    "price": "2,89 \u20ac",
    "price/unit": "(5,90 \u20ac / kg)\r\n        "
  },
  {
    "name": "V\u00fcr. nuudliroog veiselihaga ROLLTON,60 g",
    "price": "0,31 \u20ac",
    "price/unit": "(5,17 \u20ac / kg)\r\n        "
  },
  {
    "name": "Kanalihamaits.nuudliroog ROLLTON 60g",
    "price": "0,31 \u20ac",
    "price/unit": "(5,17 \u20ac / kg)\r\n        "
  },
  {
    "name": "Kiirnuudlid kanalihamaits.ROLLTON 65g",
    "price": "0,85 \u20ac",
    "price/unit": "(13,08 \u20ac / kg)\r\n        "
  },
  {
    "name": "Juust-peekonimaits.nuudliroog ROLLTON60g",
    "price": "0,31 \u20ac",
    "price/unit": "(5,17 \u20ac / kg)\r\n        "
  },
  {
    "name": "Kartulipuder FELIX 2x110g",
    "price": "1,29 \u20ac",
    "price/unit": "(5,86 \u20ac / kg)\r\n        "
  },
  {
    "name": "Kiirnuudlid kanalihamaitsega MIVINA 50g",
    "price": "0,23 \u20ac",
    "price/unit": "(4,60 \u20ac / kg)\r\n        "
  },
  {
    "name": "Kiirnuudlid loomalihamaitsega MIVINA 50g",
    "price": "0,23 \u20ac",
    "price/unit": "(4,60 \u20ac / kg)\r\n        "
  },
  {
    "name": "Juustu-peekon.kiirnuudlid+pulj.ANACOM60g",
    "price": "0,25 \u20ac",
    "price/unit": "(4,17 \u20ac / kg)\r\n        "
  },
  {
    "name": "Kanamaits.kiirnuudlid+puljong.ANACOM 60g",
    "price": "0,25 \u20ac",
    "price/unit": "(4,17 \u20ac / kg)\r\n        "
  },
  {
    "name": "V\u00f5imaits.kartulip\u00fcree tilliga MAGGI 35g",
    "price": "0,37 \u20ac",
    "price/unit": "(10,57 \u20ac / kg)\r\n        "
  },
  {
    "name": "Kartulip\u00fcree koorega MAGGI 35g",
    "price": "0,37 \u20ac",
    "price/unit": "(10,57 \u20ac / kg)\r\n        "
  },
  {
    "name": "Kart.p\u00fcree juustu ja brok.KNORR 50g tops",
    "price": "1,39 \u20ac",
    "price/unit": "(27,80 \u20ac / kg)\r\n        "
  },
  {
    "name": "Kiirnuudlid veiselihamaits.ROLLTON 65g",
    "price": "0,85 \u20ac",
    "price/unit": "(13,08 \u20ac / kg)\r\n        "
  },
  {
    "name": "Loomaliham.kiirnuudlid+pulj.ANACOM 60g",
    "price": "0,25 \u20ac",
    "price/unit": "(4,17 \u20ac / kg)\r\n        "
  },
  {
    "name": "V\u00fcr.nuudliroog kanaga ROLLTON,60g",
    "price": "0,31 \u20ac",
    "price/unit": "(5,17 \u20ac / kg)\r\n        "
  },
  {
    "name": "Terav.kanalih.pulj.kiirnuudlidANACOM 60g",
    "price": "0,25 \u20ac",
    "price/unit": "(4,17 \u20ac / kg)\r\n        "
  },
  {
    "name": "Kanamaits.munanuudlid ROLLTON 90g",
    "price": "0,47 \u20ac",
    "price/unit": "(5,22 \u20ac / kg)\r\n        "
  },
  {
    "name": "Veiselihamaits.munanuudlid ROLLTON 90g",
    "price": "0,47 \u20ac",
    "price/unit": "(5,22 \u20ac / kg)\r\n        "
  },
  {
    "name": "Kiirnuudlid Juustumaitselised MIVINA 50g",
    "price": "0,23 \u20ac",
    "price/unit": "(4,60 \u20ac / kg)\r\n        "
  },
  {
    "name": "Juustu-\u00fcrdimaits.kiirnuudlid KNORR 61g",
    "price": "0,57 \u20ac",
    "price/unit": "(9,34 \u20ac / kg)\r\n        "
  },
  {
    "name": "Kiirnuudlid kanaliha maitsega NAAAIZ 50g",
    "price": "0,19 \u20ac",
    "price/unit": "(3,80 \u20ac / kg)\r\n        "
  },
  {
    "name": "Kiirnuudlid seente maitsega NAAAIZ 50g",
    "price": "0,19 \u20ac",
    "price/unit": "(3,80 \u20ac / kg)\r\n        "
  },
  {
    "name": "Kiirnuudlid veiseliha maitsegaNAAAIZ 50g",
    "price": "0,19 \u20ac",
    "price/unit": "(3,80 \u20ac / kg)\r\n        "
  },
  {
    "name": "V\u00fcrts.kiirnuudl.pardiliham.AsiaMAGGI 65g",
    "price": "0,54 \u20ac",
    "price/unit": "(8,31 \u20ac / kg)\r\n        "
  },
  {
    "name": "V\u00fcrts.kiirnuudl.kanamaits.Asia MAGGI 65g",
    "price": "0,54 \u20ac",
    "price/unit": "(8,31 \u20ac / kg)\r\n        "
  },
  {
    "name": "Kiirnuudlid kana mait.YATEKOMO topsis60g",
    "price": "1,09 \u20ac",
    "price/unit": "(18,17 \u20ac / kg)\r\n        "
  },
  {
    "name": "Nuudlid tomati-koorekastmes MAGGI 60g",
    "price": "0,99 \u20ac",
    "price/unit": "(16,50 \u20ac / kg)\r\n        "
  },
  {
    "name": "Kiirnuudlid kanalihamaitselised REEVA",
    "price": "0,15 \u20ac",
    "price/unit": "(3,00 \u20ac / kg)\r\n        "
  },
  {
    "name": "Kiirn.veise-ja wasab.kastm.AJINOMOTO93g",
    "price": "1,55 \u20ac",
    "price/unit": "(16,67 \u20ac / kg)\r\n        "
  },
  {
    "name": "Viieviljasegu HERKULESS 500g",
    "price": "1,09 \u20ac",
    "price/unit": "(2,18 \u20ac / kg)\r\n        "
  },
  {
    "name": "Odrahelbed HERKULESS 500g",
    "price": "1,09 \u20ac",
    "price/unit": "(2,18 \u20ac / kg)\r\n        "
  },
  {
    "name": "Kaerahelbed nisukliidega HERKULESS 500g",
    "price": "1,19 \u20ac",
    "price/unit": "(2,38 \u20ac / kg)\r\n        "
  },
  {
    "name": "Kiirkaerahelbed NORDIC 500g",
    "price": "0,65 \u20ac",
    "price/unit": "(1,30 \u20ac / kg)\r\n        "
  },
  {
    "name": "Riisihelbed NORDIC 3min 800g",
    "price": "1,89 \u20ac",
    "price/unit": "(2,36 \u20ac / kg)\r\n        "
  },
  {
    "name": "M\u00fcsli \u0161okolaadiga START 375g",
    "price": "1,79 \u20ac",
    "price/unit": "(4,77 \u20ac / kg)\r\n        "
  },
  {
    "name": "Kiirkaerapuder vaarikatega NORDIC 210g",
    "price": "1,79 \u20ac",
    "price/unit": "(8,52 \u20ac / kg)\r\n        "
  },
  {
    "name": "Kaerahelbed kaerakliidega NORDIC 600g",
    "price": "1,35 \u20ac",
    "price/unit": "(2,25 \u20ac / kg)\r\n        "
  },
  {
    "name": "Kiirkaerapuder \u00f5unte,marjad.NORDIC 210g",
    "price": "1,99 \u20ac",
    "price/unit": "(9,48 \u20ac / kg)\r\n        "
  },
  {
    "name": "M\u00fcsli eksootil. puuviljadega SKANEJA450g",
    "price": "1,69 \u20ac",
    "price/unit": "(3,76 \u20ac / kg)\r\n        "
  },
  {
    "name": "Kaerahelbe kiirpud.vaar. QUICK&TASTY 40g",
    "price": "0,29 \u20ac",
    "price/unit": "(7,25 \u20ac / kg)\r\n        "
  },
  {
    "name": "Kaerahelbed BALTIX 500g",
    "price": "0,59 \u20ac",
    "price/unit": "(1,18 \u20ac / kg)\r\n        "
  },
  {
    "name": "Kiirkaerahelbed BALTIX 500g",
    "price": "0,75 \u20ac",
    "price/unit": "(1,50 \u20ac / kg)\r\n        "
  },
  {
    "name": "Kiirkaerahelbed HELEN 500g",
    "price": "0,79 \u20ac",
    "price/unit": "(1,58 \u20ac / kg)\r\n        "
  },
  {
    "name": "Riisihelbed HELEN 500g",
    "price": "1,15 \u20ac",
    "price/unit": "(2,30 \u20ac / kg)\r\n        "
  },
  {
    "name": "Neljaviljahelbed HELEN 500g",
    "price": "0,52 \u20ac",
    "price/unit": "(1,04 \u20ac / kg)\r\n        "
  },
  {
    "name": "T\u00e4isterakaerahelbed HELEN 500g",
    "price": "0,89 \u20ac",
    "price/unit": "(1,78 \u20ac / kg)\r\n        "
  },
  {
    "name": "Tatrahelbed HELEN 500g",
    "price": "1,55 \u20ac",
    "price/unit": "(3,10 \u20ac / kg)\r\n        "
  },
  {
    "name": "Neljaviljahelbed MAXIMA FAVORIT 500g",
    "price": "0,66 \u20ac",
    "price/unit": "(1,32 \u20ac / kg)\r\n        "
  },
  {
    "name": "Kiirkaerahelbed MAXIMA FAVORIT 500g",
    "price": "0,49 \u20ac",
    "price/unit": "(0,98 \u20ac / kg)\r\n        "
  },
  {
    "name": "Kaerahelbed 5 min MAXIMA FAVORIT 500g",
    "price": "0,65 \u20ac",
    "price/unit": "(1,30 \u20ac / kg)\r\n        "
  },
  {
    "name": "Kaerahelbed peened VESKI MATI 1kg",
    "price": "1,55 \u20ac",
    "price/unit": "(1,55 \u20ac / kg)\r\n        "
  },
  {
    "name": "Kaerahelbed j\u00e4medad VESKI MATI 1kg",
    "price": "1,39 \u20ac",
    "price/unit": "(1,39 \u20ac / kg)\r\n        "
  },
  {
    "name": "Kolmeviljahelbed OPTIMA LINIJA 400g",
    "price": "0,55 \u20ac",
    "price/unit": "(1,38 \u20ac / kg)\r\n        "
  },
  {
    "name": "Odrahelbed OPTIMA LINIJA 400g",
    "price": "0,49 \u20ac",
    "price/unit": "(1,23 \u20ac / kg)\r\n        "
  },
  {
    "name": "Neljaviljahelbed BALTIX 500g",
    "price": "0,79 \u20ac",
    "price/unit": "(1,58 \u20ac / kg)\r\n        "
  },
  {
    "name": "Kiirkaerahelbed LOTTE 500g",
    "price": "1,05 \u20ac",
    "price/unit": "(2,10 \u20ac / kg)\r\n        "
  },
  {
    "name": "Neljaviljahelbed LOTTE 500g",
    "price": "1,05 \u20ac",
    "price/unit": "(2,10 \u20ac / kg)\r\n        "
  },
  {
    "name": "Kiirkaerahelbed NORDIC 1.5kg",
    "price": "2,19 \u20ac",
    "price/unit": "(1,46 \u20ac / kg)\r\n        "
  },
  {
    "name": "Neljaviljahelbed NORDIC 3min 600g",
    "price": "0,65 \u20ac",
    "price/unit": "(1,08 \u20ac / kg)\r\n        "
  },
  {
    "name": "Kaerahelbed TARTU MILL 500g",
    "price": "0,48 \u20ac",
    "price/unit": "(0,96 \u20ac / kg)\r\n        "
  },
  {
    "name": "Tatrahelbed BALTIX 500g",
    "price": "1,29 \u20ac",
    "price/unit": "(2,58 \u20ac / kg)\r\n        "
  },
  {
    "name": "Riisihelbed BALTIX 500g",
    "price": "1,05 \u20ac",
    "price/unit": "(2,10 \u20ac / kg)\r\n        "
  },
  {
    "name": "Viieviljahelbed NORDIC 600g",
    "price": "1,29 \u20ac",
    "price/unit": "(2,15 \u20ac / kg)\r\n        "
  },
  {
    "name": "Nisuhelbed NORDIC 600g",
    "price": "1,15 \u20ac",
    "price/unit": "(1,92 \u20ac / kg)\r\n        "
  },
  {
    "name": "Kaerahelbed OPTIMA LINIJA 500g",
    "price": "0,21 \u20ac",
    "price/unit": "(0,42 \u20ac / kg)\r\n        "
  },
  {
    "name": "Kiirkaerapuder mustikaga HERKULESS 6\u044535g",
    "price": "1,79 \u20ac",
    "price/unit": "(8,52 \u20ac / kg)\r\n        "
  },
  {
    "name": "Kaerahelbed BALTIX 1kg",
    "price": "1,09 \u20ac",
    "price/unit": "(1,09 \u20ac / kg)\r\n        "
  },
  {
    "name": "Kaerah. kiirpud. mustika VESKI MATI 45g",
    "price": "0,35 \u20ac",
    "price/unit": "(7,78 \u20ac / kg)\r\n        "
  },
  {
    "name": "8-Viljahelbed kliidega VESKI MATI 500g",
    "price": "0,79 \u20ac",
    "price/unit": "(1,58 \u20ac / kg)\r\n        "
  },
  {
    "name": "Kiirpuder maasika ja kookosiga GRACI 75g",
    "price": "0,99 \u20ac",
    "price/unit": "(13,20 \u20ac / kg)\r\n        "
  },
  {
    "name": "M\u00fcsli puuviljadega FAVORIT 1kg",
    "price": "2,25 \u20ac",
    "price/unit": "(2,25 \u20ac / kg)\r\n        "
  },
  {
    "name": "M\u00fcsli puuvilja ja p\u00e4hklidega FAVORIT 750",
    "price": "3,09 \u20ac",
    "price/unit": "(4,12 \u20ac / kg)\r\n        "
  },
  {
    "name": "Helbed seemn.ja kliid. VESKI MATI 500g",
    "price": "0,79 \u20ac",
    "price/unit": "(1,58 \u20ac / kg)\r\n        "
  },
  {
    "name": "Kiirpuder Hot GRACI 75g",
    "price": "0,99 \u20ac",
    "price/unit": "(13,20 \u20ac / kg)\r\n        "
  },
  {
    "name": "Kiirpuder Spicy Graci 75g",
    "price": "0,99 \u20ac",
    "price/unit": "(13,20 \u20ac / kg)\r\n        "
  },
  {
    "name": "Kaerahelbed FAVORIT 55g",
    "price": "0,69 \u20ac",
    "price/unit": "(12,55 \u20ac / kg)\r\n        "
  },
  {
    "name": "T\u00e4istera j\u00e4me.kaerahelb. TARTU MILL 1kg",
    "price": "1,29 \u20ac",
    "price/unit": "(1,29 \u20ac / kg)\r\n        "
  },
  {
    "name": "T\u00e4istera kiirkaerahelbed TARTU MILL 1kg",
    "price": "1,29 \u20ac",
    "price/unit": "(1,29 \u20ac / kg)\r\n        "
  },
  {
    "name": "T\u00e4istera neljaviljahelbed TARTI MILL 1kg",
    "price": "1,29 \u20ac",
    "price/unit": "(1,29 \u20ac / kg)\r\n        "
  },
  {
    "name": "Veiseliha \u017eelees RANNAROOTSI, 325g",
    "price": "1,69 \u20ac",
    "price/unit": "(5,20 \u20ac / kg)\r\n        "
  },
  {
    "name": "Turisti eine RANNAROOTSI, 325g",
    "price": "1,29 \u20ac",
    "price/unit": "(3,97 \u20ac / kg)\r\n        "
  },
  {
    "name": "Hautatud veiseliha Frank Pott, 240g",
    "price": "1,15 \u20ac",
    "price/unit": "(4,79 \u20ac / kg)\r\n        "
  },
  {
    "name": "Hautatud kanaliha RANNAROOTSI, 240g",
    "price": "1,15 \u20ac",
    "price/unit": "(4,79 \u20ac / kg)\r\n        "
  },
  {
    "name": "Veiseliha omas mahlas 400g",
    "price": "1,69 \u20ac",
    "price/unit": "(4,23 \u20ac / kg)\r\n        "
  },
  {
    "name": "Sealiha omas mahlas 400g",
    "price": "1,35 \u20ac",
    "price/unit": "(3,38 \u20ac / kg)\r\n        "
  },
  {
    "name": "Linnulihapasteet \u0160ampinjon.PROFI ,131g",
    "price": "0,79 \u20ac",
    "price/unit": "(6,03 \u20ac / kg)\r\n        "
  },
  {
    "name": "Veiseliha omas mahlas RANNAROOTSI, 240g",
    "price": "1,49 \u20ac",
    "price/unit": "(6,21 \u20ac / kg)\r\n        "
  },
  {
    "name": "Hirveliha omas mahlas RANNAROOTSI, 240g",
    "price": "2,59 \u20ac",
    "price/unit": "(10,79 \u20ac / kg)\r\n        "
  },
  {
    "name": "Kanaliha omas mahlas RANNAROOTSI, 240g",
    "price": "1,95 \u20ac",
    "price/unit": "(8,13 \u20ac / kg)\r\n        "
  },
  {
    "name": "Sealiha omas mahlas RANNAROOTSI, 240g",
    "price": "1,29 \u20ac",
    "price/unit": "(5,38 \u20ac / kg)\r\n        "
  },
  {
    "name": "Maksapasteet RANNAROOTSI 240g",
    "price": "1,15 \u20ac",
    "price/unit": "(4,79 \u20ac / kg)\r\n        "
  },
  {
    "name": "Kanamaksapasteet Frank Pott, 240g",
    "price": "1,19 \u20ac",
    "price/unit": "(4,96 \u20ac / kg)\r\n        "
  },
  {
    "name": "Metssealihakonserv RANNAROOTSI, 240g",
    "price": "3,19 \u20ac",
    "price/unit": "(13,29 \u20ac / kg)\r\n        "
  },
  {
    "name": "P\u00f5dralihakonserv RANNAROOTSI, 240g",
    "price": "3,19 \u20ac",
    "price/unit": "(13,29 \u20ac / kg)\r\n        "
  },
  {
    "name": "V\u00fcrtsisealiha RANNAROOTSI, 325g",
    "price": "1,29 \u20ac",
    "price/unit": "(3,97 \u20ac / kg)\r\n        "
  },
  {
    "name": "Turistieine RANNAROOTSI,240g",
    "price": "1,75 \u20ac",
    "price/unit": "(7,29 \u20ac / kg)\r\n        "
  },
  {
    "name": "Veiseliha omas mahlas RGK, 525g",
    "price": "1,89 \u20ac",
    "price/unit": "(3,60 \u20ac / kg)\r\n        "
  },
  {
    "name": "Sealiha omas mahlas RGK, 525g",
    "price": "1,89 \u20ac",
    "price/unit": "(3,60 \u20ac / kg)\r\n        "
  },
  {
    "name": "Lihaveiseliha RANNAROOTSI 200g",
    "price": "1,99 \u20ac",
    "price/unit": "(9,95 \u20ac / kg)\r\n        "
  },
  {
    "name": "P\u00f5draliha konserv LINNAM\u00c4E, 240g",
    "price": "3,59 \u20ac",
    "price/unit": "(14,96 \u20ac / kg)\r\n        "
  },
  {
    "name": "Metssealiha konserv LINNAM\u00c4E, 240g",
    "price": "3,19 \u20ac",
    "price/unit": "(13,29 \u20ac / kg)\r\n        "
  },
  {
    "name": "Hirveliha konserv LINNAM\u00c4E, 240g",
    "price": "2,93 \u20ac",
    "price/unit": "(12,21 \u20ac / kg)\r\n        "
  },
  {
    "name": "Maisihelbed Frosties  KELLOGG'S 250g",
    "price": "1,75 \u20ac",
    "price/unit": "(7,00 \u20ac / kg)\r\n        "
  },
  {
    "name": "Hommikuhelbed NESTLE Cornflakes 250g",
    "price": "1,39 \u20ac",
    "price/unit": "(5,56 \u20ac / kg)\r\n        "
  },
  {
    "name": "Maisihelbed KELLOGG'S 375g",
    "price": "2,15 \u20ac",
    "price/unit": "(5,73 \u20ac / kg)\r\n        "
  },
  {
    "name": "M\u00fcslibatoon j\u00f5hvikatega ExtraBigCORNY50g",
    "price": "0,65 \u20ac",
    "price/unit": "(13,00 \u20ac / kg)\r\n        "
  },
  {
    "name": "Padjakesed \u0161okolaadimait.t\u00e4id.START 250g",
    "price": "1,29 \u20ac",
    "price/unit": "(5,16 \u20ac / kg)\r\n        "
  },
  {
    "name": "Padjakesed piimamait.t\u00e4id.START 250g",
    "price": "1,29 \u20ac",
    "price/unit": "(5,16 \u20ac / kg)\r\n        "
  },
  {
    "name": "Riisi-,nisuh. Special K  KELLOGG'S 375g",
    "price": "3,35 \u20ac",
    "price/unit": "(8,93 \u20ac / kg)\r\n        "
  },
  {
    "name": "Batoon.piima ja helv. Nesquik NESTLE 25g",
    "price": "0,34 \u20ac",
    "price/unit": "(13,60 \u20ac / kg)\r\n        "
  },
  {
    "name": "Batoon.piima ja helv.CiniMinis NESTLE25g",
    "price": "0,34 \u20ac",
    "price/unit": "(13,60 \u20ac / kg)\r\n        "
  },
  {
    "name": "Maisihelbed mee ja p\u00e4hk. NESTLE 300g",
    "price": "2,19 \u20ac",
    "price/unit": "(7,30 \u20ac / kg)\r\n        "
  },
  {
    "name": "M\u00fcslibatoon piima\u0161ok.Extra Big CORNY 50g",
    "price": "0,65 \u20ac",
    "price/unit": "(13,00 \u20ac / kg)\r\n        "
  },
  {
    "name": "M\u00fcslibatoon \u0161ok.banaan.Extra BigCORNY50g",
    "price": "0,65 \u20ac",
    "price/unit": "(13,00 \u20ac / kg)\r\n        "
  },
  {
    "name": "M\u00fcslibat. \u0161ok.maap\u00e4hkl. ExtraBigCORNY50g",
    "price": "0,65 \u20ac",
    "price/unit": "(13,00 \u20ac / kg)\r\n        "
  },
  {
    "name": "Kr\u00f5be m\u00fcsli \u0161ok. ja sarap.p\u00e4hk.EMCO 375g",
    "price": "2,59 \u20ac",
    "price/unit": "(6,91 \u20ac / kg)\r\n        "
  },
  {
    "name": "Teraviljahelbed kakaoga OHO 150g",
    "price": "0,75 \u20ac",
    "price/unit": "(5,00 \u20ac / kg)\r\n        "
  },
  {
    "name": "Riis \u0161okolaadiga  OHO 150g",
    "price": "0,75 \u20ac",
    "price/unit": "(5,00 \u20ac / kg)\r\n        "
  },
  {
    "name": "Nisu meega OHO 150g",
    "price": "0,89 \u20ac",
    "price/unit": "(5,93 \u20ac / kg)\r\n        "
  },
  {
    "name": "Hommikus\u00f6\u00f6k KOLM S\u00d5PRA OHO 150g",
    "price": "0,75 \u20ac",
    "price/unit": "(5,00 \u20ac / kg)\r\n        "
  },
  {
    "name": "M\u00fcslibatoon puuviljadega CERBONA 20g",
    "price": "0,25 \u20ac",
    "price/unit": "(12,50 \u20ac / kg)\r\n        "
  },
  {
    "name": "H.s\u00f6\u00f6k kaneeli padjak.CERERA 170g",
    "price": "0,85 \u20ac",
    "price/unit": "(5,00 \u20ac / kg)\r\n        "
  },
  {
    "name": "Teraviljahelbed kakaoga CERERA 500g",
    "price": "1,99 \u20ac",
    "price/unit": "(3,98 \u20ac / kg)\r\n        "
  },
  {
    "name": "Teraviljabat. \u0161ok. Fitness NESTLE 23.5g",
    "price": "0,39 \u20ac",
    "price/unit": "(16,60 \u20ac / kg)\r\n        "
  },
  {
    "name": "R\u00f6stitud m\u00fcsli puuviljadega SANTE 350g",
    "price": "1,39 \u20ac",
    "price/unit": "(3,97 \u20ac / kg)\r\n        "
  },
  {
    "name": "R\u00f6stitud m\u00fcsli banaani ja \u0161ok.SANTE 350g",
    "price": "1,39 \u20ac",
    "price/unit": "(3,97 \u20ac / kg)\r\n        "
  },
  {
    "name": "Naturaalne r\u00f6stitud m\u00fcsli SANTE 350g",
    "price": "1,39 \u20ac",
    "price/unit": "(3,97 \u20ac / kg)\r\n        "
  },
  {
    "name": "M\u00fcslibatoon.kookosega  ExtraBigCORNY50g",
    "price": "0,65 \u20ac",
    "price/unit": "(13,00 \u20ac / kg)\r\n        "
  },
  {
    "name": "Hommikuhelbed NESTLE Cini-Minis 450g",
    "price": "2,29 \u20ac",
    "price/unit": "(5,09 \u20ac / kg)\r\n        "
  },
  {
    "name": "Hommikuhelbed NESTLE Cookie Crisp  425g",
    "price": "2,29 \u20ac",
    "price/unit": "(5,39 \u20ac / kg)\r\n        "
  },
  {
    "name": "Hommikuhelbed NESTLE Cheerios meega 425g",
    "price": "2,29 \u20ac",
    "price/unit": "(5,39 \u20ac / kg)\r\n        "
  },
  {
    "name": "Hommikuhelbed NESTLE  Nesquik 450g",
    "price": "2,29 \u20ac",
    "price/unit": "(5,09 \u20ac / kg)\r\n        "
  },
  {
    "name": "Kuiv hommikusook KAKAO R\u00d5NGAD 150g",
    "price": "0,35 \u20ac",
    "price/unit": "(2,33 \u20ac / kg)\r\n        "
  },
  {
    "name": "R\u00f6stitud m\u00fcsli tumeda \u0161ok. SANTE 350g",
    "price": "1,65 \u20ac",
    "price/unit": "(4,71 \u20ac / kg)\r\n        "
  },
  {
    "name": "Hommikuhelbed Nesquik NESTLE 625g",
    "price": "4,29 \u20ac",
    "price/unit": "(6,86 \u20ac / kg)\r\n        "
  },
  {
    "name": "Kakaomaitselised teokarbid DINO 200g",
    "price": "0,59 \u20ac",
    "price/unit": "(2,95 \u20ac / kg)\r\n        "
  },
  {
    "name": "\u0160okolaadimaits. pallikesed DINO 200g",
    "price": "0,59 \u20ac",
    "price/unit": "(2,95 \u20ac / kg)\r\n        "
  },
  {
    "name": "Magusad maisir\u00f5ngad DINO 200g",
    "price": "0,59 \u20ac",
    "price/unit": "(2,95 \u20ac / kg)\r\n        "
  },
  {
    "name": "Paisnisu meega DINO 200g",
    "price": "0,65 \u20ac",
    "price/unit": "(3,25 \u20ac / kg)\r\n        "
  },
  {
    "name": "R\u00f6stitud m\u00fcsli pun. marjadega SANTE350g",
    "price": "1,65 \u20ac",
    "price/unit": "(4,71 \u20ac / kg)\r\n        "
  },
  {
    "name": "Maisihelbed mee ja p\u00e4hklitega DINO 250g",
    "price": "0,79 \u20ac",
    "price/unit": "(3,16 \u20ac / kg)\r\n        "
  },
  {
    "name": "Magusad maisihelbed DINO 250g",
    "price": "0,79 \u20ac",
    "price/unit": "(3,16 \u20ac / kg)\r\n        "
  },
  {
    "name": "Hommikuhelbed NESTLE\u00a0Cookie Crisp 625g",
    "price": "4,29 \u20ac",
    "price/unit": "(6,86 \u20ac / kg)\r\n        "
  },
  {
    "name": "R\u00f6st.m\u00fcsli gran.\u00f5un.ja mustik.SANTE 350g",
    "price": "1,65 \u20ac",
    "price/unit": "(4,71 \u20ac / kg)\r\n        "
  },
  {
    "name": "Terav.helb.\u0161ok.ja karam.NESTLE Lion425g",
    "price": "2,29 \u20ac",
    "price/unit": "(5,39 \u20ac / kg)\r\n        "
  },
  {
    "name": "Maap\u00e4hkli m\u00fcslibatoon 6-pakk CORNY150g",
    "price": "1,49 \u20ac",
    "price/unit": "(9,93 \u20ac / kg)\r\n        "
  },
  {
    "name": "Kr\u00f5b.m\u00fcsli \u0161okol.-karam. HERKULESS 350g",
    "price": "2,39 \u20ac",
    "price/unit": "(6,83 \u20ac / kg)\r\n        "
  },
  {
    "name": "\u0160okolaadimait.maisipallikesed DISNEY225g",
    "price": "1,59 \u20ac",
    "price/unit": "(7,07 \u20ac / kg)\r\n        "
  },
  {
    "name": "\u0160okolaadimait.maisihelbed DISNEY 225g",
    "price": "1,59 \u20ac",
    "price/unit": "(7,07 \u20ac / kg)\r\n        "
  },
  {
    "name": "Kr\u00f5be m\u00fcsli maasik.ja mand.HERKULESS",
    "price": "2,39 \u20ac",
    "price/unit": "(6,83 \u20ac / kg)\r\n        "
  },
  {
    "name": "R\u00f6st.m\u00fcsli granaat\u00f5una-mustika SANTE500g",
    "price": "2,85 \u20ac",
    "price/unit": "(5,70 \u20ac / kg)\r\n        "
  },
  {
    "name": "Teraviljahelbed kakaoga CERERA 150g",
    "price": "0,69 \u20ac",
    "price/unit": "(4,60 \u20ac / kg)\r\n        "
  },
  {
    "name": "Kanasupp nuudlitega PODRAVKA 62g",
    "price": "0,59 \u20ac",
    "price/unit": "(9,52 \u20ac / kg)\r\n        "
  },
  {
    "name": "K\u00f6\u00f6giviljasupp PODRAVKA 52g",
    "price": "0,59 \u20ac",
    "price/unit": "(11,35 \u20ac / kg)\r\n        "
  },
  {
    "name": "Kana-t\u00e4hesupp PODRAVKA 52g",
    "price": "0,59 \u20ac",
    "price/unit": "(11,35 \u20ac / kg)\r\n        "
  },
  {
    "name": "Kana-kiirsupp  Family MAGGI 130g",
    "price": "0,99 \u20ac",
    "price/unit": "(7,62 \u20ac / kg)\r\n        "
  },
  {
    "name": "Selge kanasupp nuudlitega MAGGI 50g",
    "price": "0,59 \u20ac",
    "price/unit": "(11,80 \u20ac / kg)\r\n        "
  },
  {
    "name": "T\u00e4hestikusupp MAGGI 68g",
    "price": "0,70 \u20ac",
    "price/unit": "(10,29 \u20ac / kg)\r\n        "
  },
  {
    "name": "Kanap\u00fcree kiirsupp saiakuub. MAGGI 16g",
    "price": "0,39 \u20ac",
    "price/unit": "(24,38 \u20ac / kg)\r\n        "
  },
  {
    "name": "Kanakiirsupp nuudlitega MAGGI 14g",
    "price": "0,39 \u20ac",
    "price/unit": "(27,86 \u20ac / kg)\r\n        "
  },
  {
    "name": "Punapeedi kiirsupp saiakuub. MAGGI 16g",
    "price": "0,39 \u20ac",
    "price/unit": "(24,38 \u20ac / kg)\r\n        "
  },
  {
    "name": "Hernekiirsupp saiakuubikutega MAGGI 21g",
    "price": "0,39 \u20ac",
    "price/unit": "(18,57 \u20ac / kg)\r\n        "
  },
  {
    "name": "Tradits.kanasupp nuudlitega MAGGI, 55g",
    "price": "0,45 \u20ac",
    "price/unit": "(8,18 \u20ac / kg)\r\n        "
  },
  {
    "name": "Tomati kiirsupp nuudlitega MAGGI 21g",
    "price": "0,39 \u20ac",
    "price/unit": "(18,57 \u20ac / kg)\r\n        "
  },
  {
    "name": "Juustusupp saiakuubikutega MAGGI, 19g",
    "price": "0,39 \u20ac",
    "price/unit": "(20,53 \u20ac / kg)\r\n        "
  },
  {
    "name": "Seenesupp MAGGI,69g",
    "price": "1,05 \u20ac",
    "price/unit": "(15,22 \u20ac / kg)\r\n        "
  },
  {
    "name": "Kukeseenesupp nuudlitega KNORR 13g",
    "price": "0,43 \u20ac",
    "price/unit": "(33,08 \u20ac / kg)\r\n        "
  },
  {
    "name": "Kanap\u00fcr.kiirsupp saiak.GALLINA BLANCA17g",
    "price": "0,39 \u20ac",
    "price/unit": "(22,94 \u20ac / kg)\r\n        "
  },
  {
    "name": "Juustusupp KNORR 22g",
    "price": "0,43 \u20ac",
    "price/unit": "(22,63 \u20ac / kg)\r\n        "
  },
  {
    "name": "Juustu-seenesupp KNORR 17g",
    "price": "0,43 \u20ac",
    "price/unit": "(25,29 \u20ac / kg)\r\n        "
  },
  {
    "name": "Tomatip\u00fcreesupp KNORR 23g",
    "price": "0,43 \u20ac",
    "price/unit": "(18,70 \u20ac / kg)\r\n        "
  },
  {
    "name": "\u0160ampinjonip\u00fcreesupp KNORR 15g",
    "price": "0,43 \u20ac",
    "price/unit": "(28,67 \u20ac / kg)\r\n        "
  },
  {
    "name": "Kanasupp nuudlitega KNORR 12g",
    "price": "0,43 \u20ac",
    "price/unit": "(35,83 \u20ac / kg)\r\n        "
  },
  {
    "name": "Puravikusupp KNORR 15g",
    "price": "0,43 \u20ac",
    "price/unit": "(26,88 \u20ac / kg)\r\n        "
  },
  {
    "name": "Kanap\u00fcreesupp KNORR 16g",
    "price": "0,43 \u20ac",
    "price/unit": "(23,89 \u20ac / kg)\r\n        "
  },
  {
    "name": "Seenekiirsupp saiakuubikutega MAGGI 16g",
    "price": "0,39 \u20ac",
    "price/unit": "(24,38 \u20ac / kg)\r\n        "
  },
  {
    "name": "\u0160ampinjoni-kiirsupp saiakuubik.MAGGI 14g",
    "price": "0,39 \u20ac",
    "price/unit": "(27,86 \u20ac / kg)\r\n        "
  },
  {
    "name": "Supp hart\u0161o GALLINA BLANCA 59g",
    "price": "1,09 \u20ac",
    "price/unit": "(18,47 \u20ac / kg)\r\n        "
  },
  {
    "name": "Hapukapsabor\u0161 sealihaga SALVEST 530g",
    "price": "1,99 \u20ac",
    "price/unit": "(3,75 \u20ac / kg)\r\n        "
  },
  {
    "name": "P\u00f5ldoasupp sealihaga SALVEST 530g",
    "price": "1,85 \u20ac",
    "price/unit": "(3,49 \u20ac / kg)\r\n        "
  },
  {
    "name": "Hernesupp suitsulihaga SALVEST 530g",
    "price": "2,19 \u20ac",
    "price/unit": "(4,13 \u20ac / kg)\r\n        "
  },
  {
    "name": "Hapukapsabor\u0161 lihata SALVEST 530g",
    "price": "1,95 \u20ac",
    "price/unit": "(3,68 \u20ac / kg)\r\n        "
  },
  {
    "name": "V\u00e4rskekapsabor\u0161 veiselih. SALVEST 530g",
    "price": "1,99 \u20ac",
    "price/unit": "(3,75 \u20ac / kg)\r\n        "
  },
  {
    "name": "Hapukapsabor\u0161 veiselihaga SALVEST 530g",
    "price": "1,95 \u20ac",
    "price/unit": "(3,68 \u20ac / kg)\r\n        "
  },
  {
    "name": "Rassolnik veiselihaga SALVEST 530g",
    "price": "1,69 \u20ac",
    "price/unit": "(3,19 \u20ac / kg)\r\n        "
  },
  {
    "name": "V\u00e4rskekapsabor\u0161 lihata SALVEST 530g",
    "price": "1,95 \u20ac",
    "price/unit": "(3,68 \u20ac / kg)\r\n        "
  },
  {
    "name": "Seljanka SALVEST 530g",
    "price": "2,59 \u20ac",
    "price/unit": "(4,89 \u20ac / kg)\r\n        "
  },
  {
    "name": "Rassolnik SALVEST 530g",
    "price": "1,45 \u20ac",
    "price/unit": "(2,74 \u20ac / kg)\r\n        "
  },
  {
    "name": "K\u00fclmsupp Suvi SALVEST 530g",
    "price": "1,49 \u20ac",
    "price/unit": "(2,81 \u20ac / kg)\r\n        "
  },
  {
    "name": "Kodune Seljanka SALVEST 530g",
    "price": "1,85 \u20ac",
    "price/unit": "(3,49 \u20ac / kg)\r\n        "
  },
  {
    "name": "Frikadellisupp SALVEST530g",
    "price": "1,99 \u20ac",
    "price/unit": "(3,75 \u20ac / kg)\r\n        "
  },
  {
    "name": "Ukraina bor\u0161 SALVEST530g",
    "price": "1,85 \u20ac",
    "price/unit": "(3,49 \u20ac / kg)\r\n        "
  },
  {
    "name": "Hernesupp suitsulihaga P\u00d5LTSAMAA 530g",
    "price": "2,09 \u20ac",
    "price/unit": "(3,94 \u20ac / kg)\r\n        "
  },
  {
    "name": "Rassolnik sealihaga P\u00d5LTSAMAA 530g",
    "price": "2,35 \u20ac",
    "price/unit": "(4,43 \u20ac / kg)\r\n        "
  },
  {
    "name": "Hapukapsabor\u0161 1 sealihaga P\u00d5LTSAMAA 530g",
    "price": "2,19 \u20ac",
    "price/unit": "(4,13 \u20ac / kg)\r\n        "
  },
  {
    "name": "V\u00e4rskekapsabor\u0161 3 veisel.P\u00d5LTSAMAA 530g",
    "price": "2,25 \u20ac",
    "price/unit": "(4,25 \u20ac / kg)\r\n        "
  },
  {
    "name": "Suvesupp P\u00d5LTSAMAA 530g",
    "price": "1,45 \u20ac",
    "price/unit": "(2,74 \u20ac / kg)\r\n        "
  },
  {
    "name": "Seljanka 1 P\u00d5LTSAMAA 530g",
    "price": "3,19 \u20ac",
    "price/unit": "(6,02 \u20ac / kg)\r\n        "
  },
  {
    "name": "Hart\u0161oo P\u00d5LTSAMAA 530g",
    "price": "2,15 \u20ac",
    "price/unit": "(4,06 \u20ac / kg)\r\n        "
  },
  {
    "name": "Kanasupp P\u00d5LTSAMAA 530g",
    "price": "2,25 \u20ac",
    "price/unit": "(4,25 \u20ac / kg)\r\n        "
  },
  {
    "name": "Seljanka lihata 3MIN 480g",
    "price": "1,23 \u20ac",
    "price/unit": "(2,56 \u20ac / kg)\r\n        "
  },
  {
    "name": "Hapukapsabor\u0161 3MIN 480g",
    "price": "1,13 \u20ac",
    "price/unit": "(2,35 \u20ac / kg)\r\n        "
  },
  {
    "name": "Hernesupp 3MIN 500g",
    "price": "1,13 \u20ac",
    "price/unit": "(2,26 \u20ac / kg)\r\n        "
  },
  {
    "name": "Rassolnik 3MIN 500g",
    "price": "1,13 \u20ac",
    "price/unit": "(2,26 \u20ac / kg)\r\n        "
  },
  {
    "name": "Talupojasupp 3MIN 500g",
    "price": "1,15 \u20ac",
    "price/unit": "(2,30 \u20ac / kg)\r\n        "
  },
  {
    "name": "Hapukapsasupp 3MIN 500g",
    "price": "1,29 \u20ac",
    "price/unit": "(2,58 \u20ac / kg)\r\n        "
  },
  {
    "name": "V\u00e4rskekapsabor\u0161 ubadega 3MIN 480g",
    "price": "1,25 \u20ac",
    "price/unit": "(2,60 \u20ac / kg)\r\n        "
  },
  {
    "name": "Hernesupp SALVEST suitsuribilihaga 560g",
    "price": "2,29 \u20ac",
    "price/unit": "(4,09 \u20ac / kg)\r\n        "
  },
  {
    "name": "Hapukapsasupp suitsulih. P\u00d5LTSAMAA 530g",
    "price": "2,19 \u20ac",
    "price/unit": "(4,13 \u20ac / kg)\r\n        "
  },
  {
    "name": "Seljanka suitsuribilihaga SALVEST 530g",
    "price": "2,19 \u20ac",
    "price/unit": "(4,13 \u20ac / kg)\r\n        "
  },
  {
    "name": "Kukesupp P\u00d5LTSAMAA 530g",
    "price": "2,09 \u20ac",
    "price/unit": "(3,94 \u20ac / kg)\r\n        "
  },
  {
    "name": "Mesi KORIO 700g",
    "price": "3,39 \u20ac",
    "price/unit": "(4,84 \u20ac / kg)\r\n        "
  },
  {
    "name": "Kreemjas mesi KORIO 250g",
    "price": "2,59 \u20ac",
    "price/unit": "(10,36 \u20ac / kg)\r\n        "
  },
  {
    "name": "Ungari \u00f5iemesi 500g",
    "price": "3,79 \u20ac",
    "price/unit": "(7,58 \u20ac / kg)\r\n        "
  },
  {
    "name": "Mesi MUMM 1kg (\u00e4mbris)",
    "price": "6,85 \u20ac",
    "price/unit": "(6,85 \u20ac / kg)\r\n        "
  },
  {
    "name": "Mesi MAXIMA FAVORIT 370g",
    "price": "2,19 \u20ac",
    "price/unit": "(5,92 \u20ac / kg)\r\n        "
  },
  {
    "name": "Mesi KORIO 1kg",
    "price": "5,99 \u20ac",
    "price/unit": "(5,99 \u20ac / kg)\r\n        "
  },
  {
    "name": "\u00d5iemesi MAXIMA FAVORIT 700g",
    "price": "3,19 \u20ac",
    "price/unit": "(4,56 \u20ac / kg)\r\n        "
  },
  {
    "name": "Mesi, 700g",
    "price": "3,19 \u20ac",
    "price/unit": "(4,56 \u20ac / kg)\r\n        "
  },
  {
    "name": "Kanapuljong MAGGI 60g",
    "price": "0,52 \u20ac",
    "price/unit": "(8,67 \u20ac / kg)\r\n        "
  },
  {
    "name": "Kanapuljong MAGGI 120g",
    "price": "0,92 \u20ac",
    "price/unit": "(7,67 \u20ac / kg)\r\n        "
  },
  {
    "name": "Kanapuljong KNORR 6x10g",
    "price": "0,69 \u20ac",
    "price/unit": "(11,50 \u20ac / kg)\r\n        "
  },
  {
    "name": "Aedviljapuljong MAGGI 120g",
    "price": "0,92 \u20ac",
    "price/unit": "(7,67 \u20ac / kg)\r\n        "
  },
  {
    "name": "Seenepuljong GALLINA BLANCA 8x10g",
    "price": "0,67 \u20ac",
    "price/unit": "(8,38 \u20ac / kg)\r\n        "
  },
  {
    "name": "Loomalihapuljong Kostilja MAGGI 60g",
    "price": "0,53 \u20ac",
    "price/unit": "(8,83 \u20ac / kg)\r\n        "
  },
  {
    "name": "Kanapuljong peter.ja tilliga MAGGI, 120g",
    "price": "0,92 \u20ac",
    "price/unit": "(7,67 \u20ac / kg)\r\n        "
  },
  {
    "name": "Bolognesekaste spaget. Idea MAGGI 47g",
    "price": "0,85 \u20ac",
    "price/unit": "(19,32 \u20ac / kg)\r\n        "
  },
  {
    "name": "Kanaliha koore-\u00fcrdikaste Idea MAGGI 30g",
    "price": "0,83 \u20ac",
    "price/unit": "(27,67 \u20ac / kg)\r\n        "
  },
  {
    "name": "Maitseainesegu kart.h.lihavorm. MAGGI42g",
    "price": "0,83 \u20ac",
    "price/unit": "(19,76 \u20ac / kg)\r\n        "
  },
  {
    "name": "Kanapuljong KNORR Bulionette 56g",
    "price": "0,85 \u20ac",
    "price/unit": "(15,18 \u20ac / kg)\r\n        "
  },
  {
    "name": "Veisepuljong KNORR Bulionette 56g",
    "price": "0,85 \u20ac",
    "price/unit": "(15,18 \u20ac / kg)\r\n        "
  },
  {
    "name": "Kanapuljong Bulionette KNORR, 112g",
    "price": "1,55 \u20ac",
    "price/unit": "(13,84 \u20ac / kg)\r\n        "
  },
  {
    "name": "K\u00f6\u00f6giviljapuljong KNORR,120g",
    "price": "1,15 \u20ac",
    "price/unit": "(9,58 \u20ac / kg)\r\n        "
  },
  {
    "name": "Hautiste maitseaine MAGGI IDEA,40g",
    "price": "0,83 \u20ac",
    "price/unit": "(20,75 \u20ac / kg)\r\n        "
  },
  {
    "name": "K\u00f6\u00f6giviljapuljong GALLINA BLANCA 8x10g",
    "price": "0,67 \u20ac",
    "price/unit": "(8,38 \u20ac / kg)\r\n        "
  },
  {
    "name": "Gulja\u0161i maitsesegu Fix KNORR 51g",
    "price": "0,85 \u20ac",
    "price/unit": "(16,67 \u20ac / kg)\r\n        "
  },
  {
    "name": "Spaget.maits.4 juustu-brokk.Fix KNORR43g",
    "price": "0,85 \u20ac",
    "price/unit": "(19,77 \u20ac / kg)\r\n        "
  },
  {
    "name": "Ribiliham.puljong  GALLINA BLANCA,80g",
    "price": "0,67 \u20ac",
    "price/unit": "(8,38 \u20ac / kg)\r\n        "
  },
  {
    "name": "Peekonimaits.puljong GALLINA BLANCA,8x10",
    "price": "0,67 \u20ac",
    "price/unit": "(8,38 \u20ac / kg)\r\n        "
  },
  {
    "name": "Veiselihapuljong Kostilja MAGGI 12x10g",
    "price": "0,92 \u20ac",
    "price/unit": "(7,67 \u20ac / kg)\r\n        "
  },
  {
    "name": "Kanamaitseaine juustukastm.IdeaMAGGI 32g",
    "price": "0,83 \u20ac",
    "price/unit": "(25,94 \u20ac / kg)\r\n        "
  },
  {
    "name": "Segu kanale k\u00fc\u00fcslauguga MAGGI IDEA 30g",
    "price": "1,09 \u20ac",
    "price/unit": "(36,33 \u20ac / kg)\r\n        "
  },
  {
    "name": "Segu kartuliga sealihale MAGGI IDEA 30g",
    "price": "1,09 \u20ac",
    "price/unit": "(36,33 \u20ac / kg)\r\n        "
  },
  {
    "name": "K\u00fcps.paber kanale pr.\u00fcrt.MAGGI IDEA23.4g",
    "price": "1,09 \u20ac",
    "price/unit": "(46,58 \u20ac / kg)\r\n        "
  },
  {
    "name": "Spageti maitsesegu Bolognese FixKNORR44g",
    "price": "0,85 \u20ac",
    "price/unit": "(19,32 \u20ac / kg)\r\n        "
  },
  {
    "name": "Spageti maitsesegu Carbonara FixKNORR26g",
    "price": "0,85 \u20ac",
    "price/unit": "(32,69 \u20ac / kg)\r\n        "
  },
  {
    "name": "Kaste nuudlitele 4-juustu MAGGI IDEA 34g",
    "price": "0,83 \u20ac",
    "price/unit": "(24,41 \u20ac / kg)\r\n        "
  },
  {
    "name": "Kanamaits. puljongikuubikud NAAAIZ 60g",
    "price": "0,35 \u20ac",
    "price/unit": "(5,83 \u20ac / kg)\r\n        "
  },
  {
    "name": "Maasikamoos 440g MEIE MARI",
    "price": "2,69 \u20ac",
    "price/unit": "(6,11 \u20ac / kg)\r\n        "
  },
  {
    "name": "Vaarikamoos MEIE MARI 440g",
    "price": "2,89 \u20ac",
    "price/unit": "(6,57 \u20ac / kg)\r\n        "
  },
  {
    "name": "Mustikamoos 440g MEIE MARI",
    "price": "2,55 \u20ac",
    "price/unit": "(5,80 \u20ac / kg)\r\n        "
  },
  {
    "name": "Pohlamoos MEIE MARI 440g",
    "price": "2,49 \u20ac",
    "price/unit": "(5,66 \u20ac / kg)\r\n        "
  },
  {
    "name": "Pannkoogimoos MEIE MARI 440g",
    "price": "1,99 \u20ac",
    "price/unit": "(4,52 \u20ac / kg)\r\n        "
  },
  {
    "name": "Vaarika-musts\u00f5stramoos MEIE MARI 440g",
    "price": "2,89 \u20ac",
    "price/unit": "(6,57 \u20ac / kg)\r\n        "
  },
  {
    "name": "Murakamoos 440g MEIE MARI",
    "price": "8,69 \u20ac",
    "price/unit": "(19,75 \u20ac / kg)\r\n        "
  },
  {
    "name": "J\u00f5hvikamoos FAVORIT 340g",
    "price": "1,89 \u20ac",
    "price/unit": "(5,56 \u20ac / kg)\r\n        "
  },
  {
    "name": "Mustikamoos FAVORIT 340g",
    "price": "1,95 \u20ac",
    "price/unit": "(5,74 \u20ac / kg)\r\n        "
  },
  {
    "name": "Vaarikamoos FAVORIT 340g",
    "price": "1,55 \u20ac",
    "price/unit": "(4,56 \u20ac / kg)\r\n        "
  },
  {
    "name": "Aedmaasikamoos FAVORIT 340g",
    "price": "1,55 \u20ac",
    "price/unit": "(4,56 \u20ac / kg)\r\n        "
  },
  {
    "name": "Viigid\u017eemm ST.DALFOUR 284g",
    "price": "3,19 \u20ac",
    "price/unit": "(11,23 \u20ac / kg)\r\n        "
  },
  {
    "name": "Vaarika-granaat\u00f5unamoos ST.DALFOUR 284g",
    "price": "3,19 \u20ac",
    "price/unit": "(11,23 \u20ac / kg)\r\n        "
  },
  {
    "name": "Ananassi-mangomoos ST.DALFOUR 284g",
    "price": "3,19 \u20ac",
    "price/unit": "(11,23 \u20ac / kg)\r\n        "
  },
  {
    "name": "Ingveri-apelsinimoos ST.DALFOUR 284g",
    "price": "3,19 \u20ac",
    "price/unit": "(11,23 \u20ac / kg)\r\n        "
  },
  {
    "name": "Kirsimoos FAVORIT 340g",
    "price": "1,99 \u20ac",
    "price/unit": "(5,85 \u20ac / kg)\r\n        "
  },
  {
    "name": "Mustas\u00f5stramoos FAVORIT 340g",
    "price": "1,55 \u20ac",
    "price/unit": "(4,56 \u20ac / kg)\r\n        "
  },
  {
    "name": "Virsikumoos FAVORIT 280g",
    "price": "1,29 \u20ac",
    "price/unit": "(4,61 \u20ac / kg)\r\n        "
  },
  {
    "name": "Mustikamoos FAVORIT 280g",
    "price": "1,65 \u20ac",
    "price/unit": "(5,89 \u20ac / kg)\r\n        "
  },
  {
    "name": "Vaarikamoos FAVORIT 280g",
    "price": "1,35 \u20ac",
    "price/unit": "(4,82 \u20ac / kg)\r\n        "
  },
  {
    "name": "Maasikamoos FAVORIT 280g",
    "price": "1,25 \u20ac",
    "price/unit": "(4,46 \u20ac / kg)\r\n        "
  },
  {
    "name": "Kirsimoos FAVORIT 280g",
    "price": "1,45 \u20ac",
    "price/unit": "(5,18 \u20ac / kg)\r\n        "
  },
  {
    "name": "Mustas\u00f5stramoos FAVORIT 280g",
    "price": "1,29 \u20ac",
    "price/unit": "(4,61 \u20ac / kg)\r\n        "
  },
  {
    "name": "Maasikamoos ST.DALFOUR 284g",
    "price": "3,19 \u20ac",
    "price/unit": "(11,23 \u20ac / kg)\r\n        "
  },
  {
    "name": "Apelsinimoos ST.DALFOUR 284g",
    "price": "3,09 \u20ac",
    "price/unit": "(10,88 \u20ac / kg)\r\n        "
  },
  {
    "name": "Nelja marjamoos ST.DALFOUR 284g",
    "price": "3,09 \u20ac",
    "price/unit": "(10,88 \u20ac / kg)\r\n        "
  },
  {
    "name": "Ananassi d\u017eemm PRISCA 250g",
    "price": "3,31 \u20ac",
    "price/unit": "(13,24 \u20ac / kg)\r\n        "
  },
  {
    "name": "Mango d\u017eemm PRISCA 250g",
    "price": "3,31 \u20ac",
    "price/unit": "(13,24 \u20ac / kg)\r\n        "
  },
  {
    "name": "Maasikamoos P\u00d5LTSAMAA 380g",
    "price": "1,69 \u20ac",
    "price/unit": "(4,45 \u20ac / kg)\r\n        "
  },
  {
    "name": "Vaarikamoos P\u00d5LTSAMAA 380g",
    "price": "1,79 \u20ac",
    "price/unit": "(4,71 \u20ac / kg)\r\n        "
  },
  {
    "name": "Musts\u00f5stramoos P\u00d5LTSAMAA 380g",
    "price": "1,69 \u20ac",
    "price/unit": "(4,45 \u20ac / kg)\r\n        "
  },
  {
    "name": "Metsamarjamoos P\u00d5LTSAMAA 380g",
    "price": "1,69 \u20ac",
    "price/unit": "(4,45 \u20ac / kg)\r\n        "
  },
  {
    "name": "Aprikoosimoos P\u00d5LTSAMAA 380g",
    "price": "1,69 \u20ac",
    "price/unit": "(4,45 \u20ac / kg)\r\n        "
  },
  {
    "name": "Mustikamoos P\u00d5LTSAMAA 380g",
    "price": "1,69 \u20ac",
    "price/unit": "(4,45 \u20ac / kg)\r\n        "
  },
  {
    "name": "Marin.\u0161ampinjonid tilliga BONDUELLE 280g",
    "price": "1,49 \u20ac",
    "price/unit": "(5,32 \u20ac / kg)\r\n        "
  },
  {
    "name": "\u0160ampinjonil\u00f5igud sool.vees MAA KODU 400g",
    "price": "1,26 \u20ac",
    "price/unit": "(3,15 \u20ac / kg)\r\n        "
  },
  {
    "name": "K\u00e4nnuseened marineeritud GREEN 530g",
    "price": "2,29 \u20ac",
    "price/unit": "(4,32 \u20ac / kg)\r\n        "
  },
  {
    "name": "\u0160amp.t\u00fckid omas mahl. FAVORIT 320g",
    "price": "1,25 \u20ac",
    "price/unit": "(3,91 \u20ac / kg)\r\n        "
  },
  {
    "name": "Marineeritud maisit\u00f5lvikud LORADO 340g",
    "price": "1,39 \u20ac",
    "price/unit": "(4,09 \u20ac / kg)\r\n        "
  },
  {
    "name": "K\u00f5rvitsasalat SALVEST 560g",
    "price": "1,65 \u20ac",
    "price/unit": "(2,95 \u20ac / kg)\r\n        "
  },
  {
    "name": "Mulgi kapsad SALVEST 530g",
    "price": "2,09 \u20ac",
    "price/unit": "(3,94 \u20ac / kg)\r\n        "
  },
  {
    "name": "Praekapsas SALVEST 530g",
    "price": "1,89 \u20ac",
    "price/unit": "(3,57 \u20ac / kg)\r\n        "
  },
  {
    "name": "Mulgi kapsad SALVEST 900g",
    "price": "2,79 \u20ac",
    "price/unit": "(3,10 \u20ac / kg)\r\n        "
  },
  {
    "name": "Kons.mais ja hernes Gold BONDUELLE 340g",
    "price": "1,15 \u20ac",
    "price/unit": "(3,38 \u20ac / kg)\r\n        "
  },
  {
    "name": "Sibulad GREENHOUSE 320g",
    "price": "1,05 \u20ac",
    "price/unit": "(3,28 \u20ac / kg)\r\n        "
  },
  {
    "name": "Konserveer.valge spargel SAINT ELOI 370g",
    "price": "1,52 \u20ac",
    "price/unit": "(4,11 \u20ac / kg)\r\n        "
  },
  {
    "name": "Konserveeritud kapparid BOUTON D'OR 200g",
    "price": "1,69 \u20ac",
    "price/unit": "(8,45 \u20ac / kg)\r\n        "
  },
  {
    "name": "Praekapsas porgandiga SALVEST 900g",
    "price": "2,39 \u20ac",
    "price/unit": "(2,66 \u20ac / kg)\r\n        "
  },
  {
    "name": "Praekapsas P\u00f5lts.kuldsegaP\u00d5LTSAMAA 820g",
    "price": "2,59 \u20ac",
    "price/unit": "(3,16 \u20ac / kg)\r\n        "
  },
  {
    "name": "Mulgikapsas sealihaga P\u00d5LTSAMAA 520g",
    "price": "2,09 \u20ac",
    "price/unit": "(4,02 \u20ac / kg)\r\n        "
  },
  {
    "name": "Praekapsas P\u00d5LTSAMAA 820g",
    "price": "2,19 \u20ac",
    "price/unit": "(2,67 \u20ac / kg)\r\n        "
  },
  {
    "name": "Praekapsas porgandiga P\u00d5LTSAMAA 520g",
    "price": "1,69 \u20ac",
    "price/unit": "(3,25 \u20ac / kg)\r\n        "
  },
  {
    "name": "K\u00f5rvitsasalat P\u00d5LTSAMAA 560g",
    "price": "1,59 \u20ac",
    "price/unit": "(2,84 \u20ac / kg)\r\n        "
  },
  {
    "name": "Kabat\u0161okip\u00fcree GOSPODAROT\u0160KA 445g",
    "price": "1,75 \u20ac",
    "price/unit": "(3,93 \u20ac / kg)\r\n        "
  },
  {
    "name": "Konserv. punapeet FAVORIT 500g",
    "price": "0,85 \u20ac",
    "price/unit": "(1,70 \u20ac / kg)\r\n        "
  },
  {
    "name": "K\u00f6\u00f6giv.eelroog Zakarpatskaja VERES 500g",
    "price": "2,19 \u20ac",
    "price/unit": "(4,38 \u20ac / kg)\r\n        "
  },
  {
    "name": "Marineeritud sibul PONTI 350g",
    "price": "2,49 \u20ac",
    "price/unit": "(7,11 \u20ac / kg)\r\n        "
  },
  {
    "name": "L\u00f5igatud arti\u0161okid veini\u00e4\u00e4d. PONTI 350g",
    "price": "3,79 \u20ac",
    "price/unit": "(10,83 \u20ac / kg)\r\n        "
  },
  {
    "name": "Punapeediviilud P\u00d5LTSAMAA 570g",
    "price": "1,15 \u20ac",
    "price/unit": "(2,02 \u20ac / kg)\r\n        "
  },
  {
    "name": "Kons. ananassiviilud HAPPY GARDEN 850g",
    "price": "1,59 \u20ac",
    "price/unit": "(1,87 \u20ac / kg)\r\n        "
  },
  {
    "name": "Ananassit\u00fckid HAPPY GARDEN 850g",
    "price": "1,79 \u20ac",
    "price/unit": "(2,11 \u20ac / kg)\r\n        "
  },
  {
    "name": "Troop.puuvilja kokteil HAPPY GARDEN 425g",
    "price": "1,35 \u20ac",
    "price/unit": "(3,18 \u20ac / kg)\r\n        "
  },
  {
    "name": "Kons.mangol\u00f5ig.suhkurd.HAPPY GARDEN 410g",
    "price": "1,25 \u20ac",
    "price/unit": "(3,05 \u20ac / kg)\r\n        "
  },
  {
    "name": "\u00d5unakaste SALVEST 530g",
    "price": "1,65 \u20ac",
    "price/unit": "(3,11 \u20ac / kg)\r\n        "
  },
  {
    "name": "Pirnipoolikud LORADO 410g",
    "price": "1,49 \u20ac",
    "price/unit": "(3,63 \u20ac / kg)\r\n        "
  },
  {
    "name": "Kons.virsikupoolikud MAXIMA FAVORIT 820g",
    "price": "1,49 \u20ac",
    "price/unit": "(1,82 \u20ac / kg)\r\n        "
  },
  {
    "name": "Kons.virsikupoolikud EXTRA LINE 820g",
    "price": "1,45 \u20ac",
    "price/unit": "(1,77 \u20ac / kg)\r\n        "
  },
  {
    "name": "Konserv.ananassiviilud EXTRA LINE 565g",
    "price": "1,49 \u20ac",
    "price/unit": "(2,64 \u20ac / kg)\r\n        "
  },
  {
    "name": "Konserv.ananassit\u00fckid EXTRA LINE 565g",
    "price": "1,45 \u20ac",
    "price/unit": "(2,57 \u20ac / kg)\r\n        "
  },
  {
    "name": "Ploomip\u00fcree 100% BONNE 0.5L",
    "price": "2,99 \u20ac",
    "price/unit": "(5,98 \u20ac / l)\r\n        "
  },
  {
    "name": "Pirnip\u00fcree 100% BONNE 0.5L",
    "price": "2,79 \u20ac",
    "price/unit": "(5,58 \u20ac / l)\r\n        "
  },
  {
    "name": "Skumbria \u00f5lis, 240g",
    "price": "0,87 \u20ac",
    "price/unit": "(3,63 \u20ac / kg)\r\n        "
  },
  {
    "name": "Tuunikala, pur. soolvees Happy Sea,185g",
    "price": "0,79 \u20ac",
    "price/unit": "(4,27 \u20ac / kg)\r\n        "
  },
  {
    "name": "Tuunikala, pur. taime\u00f5lis Happy Sea,185g",
    "price": "0,79 \u20ac",
    "price/unit": "(4,27 \u20ac / kg)\r\n        "
  },
  {
    "name": "Skumbriafilee tomatikastmes, 190g",
    "price": "1,29 \u20ac",
    "price/unit": "(6,79 \u20ac / kg)\r\n        "
  },
  {
    "name": "Tuunikala suured t\u00fck. soolv. KGRANT,185g",
    "price": "1,39 \u20ac",
    "price/unit": "(7,51 \u20ac / kg)\r\n        "
  },
  {
    "name": "Sprotid \u00f5lis OCEAN, 240g",
    "price": "0,97 \u20ac",
    "price/unit": "(4,04 \u20ac / kg)\r\n        "
  },
  {
    "name": "Sprotipasteet GAMMA, 240g",
    "price": "0,63 \u20ac",
    "price/unit": "(2,63 \u20ac / kg)\r\n        "
  },
  {
    "name": "Tuunikala t\u00fckid omas mahl John West 185g",
    "price": "2,17 \u20ac",
    "price/unit": "(11,73 \u20ac / kg)\r\n        "
  },
  {
    "name": "Tuunikala t\u00fckid \u00f5lis John West 185g",
    "price": "2,17 \u20ac",
    "price/unit": "(11,73 \u20ac / kg)\r\n        "
  },
  {
    "name": "Tuunikalasteik omas mahlas 200g",
    "price": "2,45 \u20ac",
    "price/unit": "(12,25 \u20ac / kg)\r\n        "
  },
  {
    "name": "Tuunikala t\u00fck. tomatikastmes KGRANT,185g",
    "price": "1,49 \u20ac",
    "price/unit": "(8,05 \u20ac / kg)\r\n        "
  },
  {
    "name": "Haug zelees Libava,180 g",
    "price": "2,09 \u20ac",
    "price/unit": "(11,61 \u20ac / kg)\r\n        "
  },
  {
    "name": "Vaikse ookeani saira, 250g",
    "price": "1,51 \u20ac",
    "price/unit": "(6,04 \u20ac / kg)\r\n        "
  },
  {
    "name": "Vaikse ookeani saira \u00f5lis, 250g",
    "price": "1,51 \u20ac",
    "price/unit": "(6,04 \u20ac / kg)\r\n        "
  },
  {
    "name": "Sprotid \u00f5lis FISH PORT, 240g",
    "price": "1,04 \u20ac",
    "price/unit": "(4,33 \u20ac / kg)\r\n        "
  },
  {
    "name": "Skumbria \u00f5lis OCEAN, 240g",
    "price": "1,25 \u20ac",
    "price/unit": "(5,21 \u20ac / kg)\r\n        "
  },
  {
    "name": "Skumbria omas mahlas OCEAN, 240g",
    "price": "1,25 \u20ac",
    "price/unit": "(5,21 \u20ac / kg)\r\n        "
  },
  {
    "name": "Skumbria tomatikastmes OCEAN, 240g",
    "price": "1,25 \u20ac",
    "price/unit": "(5,21 \u20ac / kg)\r\n        "
  },
  {
    "name": "Skumbriafilee olis FAVORIT, 190g",
    "price": "1,12 \u20ac",
    "price/unit": "(5,89 \u20ac / kg)\r\n        "
  },
  {
    "name": "Skumbriafilee tomatikast. Fish Port,190g",
    "price": "1,19 \u20ac",
    "price/unit": "(6,26 \u20ac / kg)\r\n        "
  },
  {
    "name": "Balti kilud tomatikastmes 250g",
    "price": "0,69 \u20ac",
    "price/unit": "(2,76 \u20ac / kg)\r\n        "
  },
  {
    "name": "Sprotid \u00f5lis, 160g",
    "price": "0,81 \u20ac",
    "price/unit": "(5,06 \u20ac / kg)\r\n        "
  },
  {
    "name": "L\u00f5he omas mahlas KGRANT,230g",
    "price": "2,09 \u20ac",
    "price/unit": "(9,09 \u20ac / kg)\r\n        "
  },
  {
    "name": "Tuunikala t\u00fckid \u00f5lis FAVORIT, 185g",
    "price": "1,46 \u20ac",
    "price/unit": "(7,89 \u20ac / kg)\r\n        "
  },
  {
    "name": "Tuunikala t\u00fckid omas mahl.FAVORIT,185g",
    "price": "1,49 \u20ac",
    "price/unit": "(8,05 \u20ac / kg)\r\n        "
  },
  {
    "name": "Sprotid \u00f5lis,325g",
    "price": "1,39 \u20ac",
    "price/unit": "(4,28 \u20ac / kg)\r\n        "
  },
  {
    "name": "L\u00f5he omas mahlas,240g",
    "price": "1,89 \u20ac",
    "price/unit": "(7,88 \u20ac / kg)\r\n        "
  },
  {
    "name": "Sprotid \u014dlis RANNAK\u00dcLA ,240g",
    "price": "1,59 \u20ac",
    "price/unit": "(6,63 \u20ac / kg)\r\n        "
  },
  {
    "name": "Suitsur\u00e4imed \u014dlis RANNAK\u00dcLA,240g",
    "price": "1,59 \u20ac",
    "price/unit": "(6,63 \u20ac / kg)\r\n        "
  },
  {
    "name": " Pr. r\u00e4imed tomatikastmes RANNAK\u00dcLA,240g",
    "price": "1,41 \u20ac",
    "price/unit": "(5,88 \u20ac / kg)\r\n        "
  },
  {
    "name": "Pr. kilud tomatikastmes RANNAK\u00dcLA,240g",
    "price": "0,99 \u20ac",
    "price/unit": "(4,13 \u20ac / kg)\r\n        "
  },
  {
    "name": "Kulduim-tuunikala oliivi\u00f5lis CALVO,250g",
    "price": "8,29 \u20ac",
    "price/unit": "(33,16 \u20ac / kg)\r\n        "
  },
  {
    "name": "Sprotid oliivi\u00f5lis RANNAK\u00dcLA, 290g",
    "price": "2,99 \u20ac",
    "price/unit": "(10,31 \u20ac / kg)\r\n        "
  },
  {
    "name": "Tuunikalasteik taime\u00f5lis 200g",
    "price": "2,45 \u20ac",
    "price/unit": "(12,25 \u20ac / kg)\r\n        "
  },
  {
    "name": "Let\u0161o SALVEST 680g",
    "price": "1,59 \u20ac",
    "price/unit": "(2,34 \u20ac / kg)\r\n        "
  },
  {
    "name": "Kons. paprikal\u00f5igud ANIRA Jalapeno 350g",
    "price": "1,49 \u20ac",
    "price/unit": "(4,26 \u20ac / kg)\r\n        "
  },
  {
    "name": "Let\u0161o Bulgaaria VERES 530g",
    "price": "2,39 \u20ac",
    "price/unit": "(4,51 \u20ac / kg)\r\n        "
  },
  {
    "name": "Kons.tom.\u00a0\u00e4\u00e4dikamar. FAVORIT 720ml/680g",
    "price": "1,19 \u20ac",
    "price/unit": "(1,75 \u20ac / kg)\r\n        "
  },
  {
    "name": "Kons.tom. omas mahl. FAVORIT 720ml/680g",
    "price": "1,15 \u20ac",
    "price/unit": "(1,69 \u20ac / kg)\r\n        "
  },
  {
    "name": "Kirsstom.omas mahlas FAVORIT 720ml/680g",
    "price": "1,29 \u20ac",
    "price/unit": "(1,90 \u20ac / kg)\r\n        "
  },
  {
    "name": "Kooritud tomatid REGGIA 400g",
    "price": "0,85 \u20ac",
    "price/unit": "(2,13 \u20ac / kg)\r\n        "
  },
  {
    "name": "T\u00fckeldatud tomatid REGGIA 400g",
    "price": "0,85 \u20ac",
    "price/unit": "(2,13 \u20ac / kg)\r\n        "
  },
  {
    "name": "Kons.koor.tom.om.mahl. FAVORIT 400g",
    "price": "0,67 \u20ac",
    "price/unit": "(1,68 \u20ac / kg)\r\n        "
  },
  {
    "name": "Kons.koor.tom.om.mahl. FAVORIT 800g",
    "price": "1,19 \u20ac",
    "price/unit": "(1,49 \u20ac / kg)\r\n        "
  },
  {
    "name": "Kons.purustat.tomat. FAVORIT 400g",
    "price": "0,72 \u20ac",
    "price/unit": "(1,80 \u20ac / kg)\r\n        "
  },
  {
    "name": "Kons.pur.tomat.basiil. FAVORIT 400g",
    "price": "0,72 \u20ac",
    "price/unit": "(1,80 \u20ac / kg)\r\n        "
  },
  {
    "name": "Kons.kooritud tomatid EXTRA LINE 400g",
    "price": "0,59 \u20ac",
    "price/unit": "(1,48 \u20ac / kg)\r\n        "
  },
  {
    "name": "Kons.purustatud tomatid EXTRA LINE 400g",
    "price": "0,59 \u20ac",
    "price/unit": "(1,48 \u20ac / kg)\r\n        "
  },
  {
    "name": "Let\u0161o EXTRA LINE 670g",
    "price": "1,29 \u20ac",
    "price/unit": "(1,93 \u20ac / kg)\r\n        "
  },
  {
    "name": "P\u00e4ikesekuiv.tomatid \u00f5lis GUSTOSELLI 280g",
    "price": "2,09 \u20ac",
    "price/unit": "(7,46 \u20ac / kg)\r\n        "
  },
  {
    "name": "Marineeritud tomatid EXTRA LINE 860g",
    "price": "1,19 \u20ac",
    "price/unit": "(1,38 \u20ac / kg)\r\n        "
  },
  {
    "name": "Purust.tomatid k\u00fc\u00fcsl.FAVORIT 400g",
    "price": "0,72 \u20ac",
    "price/unit": "(1,80 \u20ac / kg)\r\n        "
  },
  {
    "name": "Tomatip\u00fcree Tomacouli PANZANI 200g",
    "price": "0,69 \u20ac",
    "price/unit": "(3,45 \u20ac / kg)\r\n        "
  },
  {
    "name": "P\u00e4ik.kuivat.tomatid FAVORIT 230g",
    "price": "1,89 \u20ac",
    "price/unit": "(8,22 \u20ac / kg)\r\n        "
  },
  {
    "name": "Kons.koorit.tom.tom.mah.MEGA DI CATO 400",
    "price": "0,69 \u20ac",
    "price/unit": "(1,73 \u20ac / kg)\r\n        "
  },
  {
    "name": "P\u00e4ikesekuiv.tomat.\u00f5lis MEGA DI CATO 230g",
    "price": "2,29 \u20ac",
    "price/unit": "(9,96 \u20ac / kg)\r\n        "
  },
  {
    "name": "Mustad Kalamata oliiv.k-ga GOURMANTE 360",
    "price": "2,79 \u20ac",
    "price/unit": "(7,75 \u20ac / kg)\r\n        "
  },
  {
    "name": "Roh.Kreeka k-ga oliivid GOURMANTE 360g",
    "price": "2,79 \u20ac",
    "price/unit": "(7,75 \u20ac / kg)\r\n        "
  },
  {
    "name": "Kons.rohel.kividega oliivid SELIA 310g",
    "price": "1,39 \u20ac",
    "price/unit": "(4,48 \u20ac / kg)\r\n        "
  },
  {
    "name": "Kreeka mustad oliivid ANIRA 820g",
    "price": "2,99 \u20ac",
    "price/unit": "(3,65 \u20ac / kg)\r\n        "
  },
  {
    "name": "Kreeka rohelised oliivid ANIRA 820g",
    "price": "2,99 \u20ac",
    "price/unit": "(3,65 \u20ac / kg)\r\n        "
  },
  {
    "name": "Roh.krevetit\u00e4idis.oliivid OL'MAR 280g",
    "price": "0,95 \u20ac",
    "price/unit": "(3,39 \u20ac / kg)\r\n        "
  },
  {
    "name": "Rohelised sidruniga oliivid OL'MAR 280g",
    "price": "0,99 \u20ac",
    "price/unit": "(3,54 \u20ac / kg)\r\n        "
  },
  {
    "name": "Rohelised kivideta oliivid OL'MAR 280g",
    "price": "0,95 \u20ac",
    "price/unit": "(3,39 \u20ac / kg)\r\n        "
  },
  {
    "name": "Rohelised kivideta oliivid OL'MAR 160g",
    "price": "0,49 \u20ac",
    "price/unit": "(3,06 \u20ac / kg)\r\n        "
  },
  {
    "name": "Roh.p.pipraga,kivideta oliiv.OL'MAR 180g",
    "price": "0,49 \u20ac",
    "price/unit": "(2,72 \u20ac / kg)\r\n        "
  },
  {
    "name": "Punased oliivid kividega GALANTINO 290g",
    "price": "5,89 \u20ac",
    "price/unit": "(20,31 \u20ac / kg)\r\n        "
  },
  {
    "name": "Punane uba Kidney BONDUELLE 400g",
    "price": "1,15 \u20ac",
    "price/unit": "(2,88 \u20ac / kg)\r\n        "
  },
  {
    "name": "Kons. herned BONDUELLE 400g",
    "price": "1,05 \u20ac",
    "price/unit": "(2,63 \u20ac / kg)\r\n        "
  },
  {
    "name": "Konserveer.roheline hernes GLOBUS 400g",
    "price": "0,99 \u20ac",
    "price/unit": "(2,48 \u20ac / kg)\r\n        "
  },
  {
    "name": "Kanapuljong MAGGI 60g",
    "price": "0,52 \u20ac",
    "price/unit": "(8,67 \u20ac / kg)\r\n        "
  },
  {
    "name": "Konserveeritud mais Gold BONDUELLE 170g",
    "price": "0,73 \u20ac",
    "price/unit": "(4,29 \u20ac / kg)\r\n        "
  },
  {
    "name": "Mais BONDUELLE 340g",
    "price": "1,05 \u20ac",
    "price/unit": "(3,09 \u20ac / kg)\r\n        "
  },
  {
    "name": "Magus kurk  SALVEST 675g",
    "price": "1,39 \u20ac",
    "price/unit": "(2,06 \u20ac / kg)\r\n        "
  },
  {
    "name": "\u0160ampinjonil\u00f5igud sool.vees MAA KODU 400g",
    "price": "1,26 \u20ac",
    "price/unit": "(3,15 \u20ac / kg)\r\n        "
  },
  {
    "name": "Aedmaasikamoos FAVORIT 340g",
    "price": "1,55 \u20ac",
    "price/unit": "(4,56 \u20ac / kg)\r\n        "
  },
  {
    "name": "V\u00f5imaits.kartulip\u00fcree tilliga MAGGI 35g",
    "price": "0,37 \u20ac",
    "price/unit": "(10,57 \u20ac / kg)\r\n        "
  },
  {
    "name": "Aedoad tomatikastmes EXTRA LINE 520g",
    "price": "0,95 \u20ac",
    "price/unit": "(1,83 \u20ac / kg)\r\n        "
  },
  {
    "name": "Juustusupp KNORR 22g",
    "price": "0,43 \u20ac",
    "price/unit": "(22,63 \u20ac / kg)\r\n        "
  },
  {
    "name": "Balti kilud tomatikastmes 250g",
    "price": "0,69 \u20ac",
    "price/unit": "(2,76 \u20ac / kg)\r\n        "
  },
  {
    "name": "Roh.krevetit\u00e4idis.oliivid OL'MAR 280g",
    "price": "0,95 \u20ac",
    "price/unit": "(3,39 \u20ac / kg)\r\n        "
  },
  {
    "name": "Spageti maitsesegu Carbonara FixKNORR26g",
    "price": "0,85 \u20ac",
    "price/unit": "(32,69 \u20ac / kg)\r\n        "
  },
  {
    "name": "Kodused hapukurgid WALDIBEN 770g",
    "price": "1,75 \u20ac",
    "price/unit": "(2,27 \u20ac / kg)\r\n        "
  },
  {
    "name": "Aprikoosimoos P\u00d5LTSAMAA 380g",
    "price": "1,69 \u20ac",
    "price/unit": "(4,45 \u20ac / kg)\r\n        "
  },
  {
    "name": "P\u00e4evalilleseemnehalvaa ZIPP 250g",
    "price": "1,25 \u20ac",
    "price/unit": "(5,00 \u20ac / kg)\r\n        "
  },
  {
    "name": "Maap\u00e4hklihalvaa ZIPP 250g",
    "price": "1,29 \u20ac",
    "price/unit": "(5,16 \u20ac / kg)\r\n        "
  },
  {
    "name": "Maap\u00e4hklihalvaa ZET ROCK's 150g",
    "price": "0,69 \u20ac",
    "price/unit": "(4,60 \u20ac / kg)\r\n        "
  },
  {
    "name": "P\u00e4evalilleseemnehalvaa ZET ROCK's 150g",
    "price": "0,59 \u20ac",
    "price/unit": "(3,93 \u20ac / kg)\r\n        "
  },
  {
    "name": "Maap\u00e4hklihalvaa ZET ROCK's 300g",
    "price": "1,29 \u20ac",
    "price/unit": "(4,30 \u20ac / kg)\r\n        "
  },
  {
    "name": "P\u00e4evalilleseemnehalvaa ZET ROCK's 300g",
    "price": "1,09 \u20ac",
    "price/unit": "(3,63 \u20ac / kg)\r\n        "
  },
  {
    "name": "Juustumaitseline popkorn MOGYI 100g",
    "price": "0,54 \u20ac",
    "price/unit": "(5,40 \u20ac / kg)\r\n        "
  },
  {
    "name": "Popkorn soolaga MOGYI 100g",
    "price": "0,54 \u20ac",
    "price/unit": "(5,40 \u20ac / kg)\r\n        "
  },
  {
    "name": "V\u00f5imaitseline popkorn MOGYI 100g",
    "price": "0,54 \u20ac",
    "price/unit": "(5,40 \u20ac / kg)\r\n        "
  },
  {
    "name": "Popkorn karamellimaitseline ALIS CO 200g",
    "price": "1,49 \u20ac",
    "price/unit": "(7,45 \u20ac / kg)\r\n        "
  },
  {
    "name": "Mikropopkorn soolaga ESTRELLA 90g",
    "price": "0,65 \u20ac",
    "price/unit": "(7,22 \u20ac / kg)\r\n        "
  },
  {
    "name": "Mikropopkorn v\u00f5imaitseline ESTRELLA 90g",
    "price": "0,65 \u20ac",
    "price/unit": "(7,22 \u20ac / kg)\r\n        "
  },
  {
    "name": "Kons. herned BONDUELLE 660g",
    "price": "1,69 \u20ac",
    "price/unit": "(2,56 \u20ac / kg)\r\n        "
  },
  {
    "name": "Rohelised herned BONDUELLE 800g",
    "price": "2,09 \u20ac",
    "price/unit": "(2,61 \u20ac / kg)\r\n        "
  },
  {
    "name": "Kons. herned BONDUELLE 400g",
    "price": "1,05 \u20ac",
    "price/unit": "(2,63 \u20ac / kg)\r\n        "
  },
  {
    "name": "Konserveer.roheline hernes GLOBUS 400g",
    "price": "0,99 \u20ac",
    "price/unit": "(2,48 \u20ac / kg)\r\n        "
  },
  {
    "name": "Kons. herned BONDUELLE Extra Fine 200g",
    "price": "0,85 \u20ac",
    "price/unit": "(4,25 \u20ac / kg)\r\n        "
  },
  {
    "name": "Konsev.mais BONDUELLE 670g",
    "price": "2,15 \u20ac",
    "price/unit": "(3,21 \u20ac / kg)\r\n        "
  },
  {
    "name": "Konserveeritud mais Gold BONDUELLE 170g",
    "price": "0,73 \u20ac",
    "price/unit": "(4,29 \u20ac / kg)\r\n        "
  },
  {
    "name": "Punane uba Kidney BONDUELLE 400g",
    "price": "1,15 \u20ac",
    "price/unit": "(2,88 \u20ac / kg)\r\n        "
  },
  {
    "name": "Valged oad tomatikastmes BONDUELLE 430g",
    "price": "1,55 \u20ac",
    "price/unit": "(3,60 \u20ac / kg)\r\n        "
  },
  {
    "name": "Aedoad tomatikastmes SALVEST 530g",
    "price": "1,89 \u20ac",
    "price/unit": "(3,57 \u20ac / kg)\r\n        "
  },
  {
    "name": "Mais BONDUELLE 340g",
    "price": "1,05 \u20ac",
    "price/unit": "(3,09 \u20ac / kg)\r\n        "
  },
  {
    "name": "Konservherned FAVORIT 400g",
    "price": "0,69 \u20ac",
    "price/unit": "(1,73 \u20ac / kg)\r\n        "
  },
  {
    "name": "Konservherned FAVORIT 660g",
    "price": "1,19 \u20ac",
    "price/unit": "(1,80 \u20ac / kg)\r\n        "
  },
  {
    "name": "Konserveeritud mais FAVORIT 340g",
    "price": "0,69 \u20ac",
    "price/unit": "(2,03 \u20ac / kg)\r\n        "
  },
  {
    "name": "Kons.valged oad FAVORIT 400g",
    "price": "0,64 \u20ac",
    "price/unit": "(1,60 \u20ac / kg)\r\n        "
  },
  {
    "name": "Kons.kuningl.oad FAVORIT 400g",
    "price": "0,67 \u20ac",
    "price/unit": "(1,68 \u20ac / kg)\r\n        "
  },
  {
    "name": "Roheline hernes SALVEST 690g",
    "price": "1,45 \u20ac",
    "price/unit": "(2,10 \u20ac / kg)\r\n        "
  },
  {
    "name": "Suhkrumais GLOBUS 340g",
    "price": "1,29 \u20ac",
    "price/unit": "(3,79 \u20ac / kg)\r\n        "
  },
  {
    "name": "Aedoad tomatikastmes EXTRA LINE 520g",
    "price": "0,95 \u20ac",
    "price/unit": "(1,83 \u20ac / kg)\r\n        "
  },
  {
    "name": "Konserv.magus mais FAVORIT 212ml/150g",
    "price": "0,49 \u20ac",
    "price/unit": "(3,27 \u20ac / kg)\r\n        "
  },
  {
    "name": "Konserv.valged oad EXTRA LINE 400g",
    "price": "0,56 \u20ac",
    "price/unit": "(1,40 \u20ac / kg)\r\n        "
  },
  {
    "name": "Konserv.herned FAVORIT 212ml/150g",
    "price": "0,49 \u20ac",
    "price/unit": "(3,27 \u20ac / kg)\r\n        "
  },
  {
    "name": "Aurutatud l\u00e4\u00e4tsed vapeur BONDUELLE 310g",
    "price": "1,39 \u20ac",
    "price/unit": "(4,48 \u20ac / kg)\r\n        "
  },
  {
    "name": "Aurutatud pun.oad vapeur BONDUELLE 310g",
    "price": "1,45 \u20ac",
    "price/unit": "(4,68 \u20ac / kg)\r\n        "
  },
  {
    "name": "Valged oad karrikastmes BONDUELLE 430g",
    "price": "1,69 \u20ac",
    "price/unit": "(3,93 \u20ac / kg)\r\n        "
  },
  {
    "name": "Konser.kuninglikud oad MEGA DI CATO 400g",
    "price": "0,72 \u20ac",
    "price/unit": "(1,80 \u20ac / kg)\r\n        "
  },
  {
    "name": "Konserveer. valged oad vaak. GLOBUS 326g",
    "price": "1,49 \u20ac",
    "price/unit": "(4,57 \u20ac / kg)\r\n        "
  },
  {
    "name": "N\u00e4ts Winterfresh (bag) ORBIT 35g",
    "price": "0,99 \u20ac",
    "price/unit": "(28,29 \u20ac / kg)\r\n        "
  },
  {
    "name": "N\u00e4ts Eucalyptus suhkruvaba ORBIT 14g",
    "price": "0,49 \u20ac",
    "price/unit": "(35,00 \u20ac / kg)\r\n        "
  },
  {
    "name": "N\u00e4ts Sweet Mint ORBIT 14g",
    "price": "0,49 \u20ac",
    "price/unit": "(35,00 \u20ac / kg)\r\n        "
  },
  {
    "name": "N\u00e4ts Winterfresh ORBIT  14g",
    "price": "0,49 \u20ac",
    "price/unit": "(35,00 \u20ac / kg)\r\n        "
  },
  {
    "name": "Pastillid Extra Strong MYNTHON 34g",
    "price": "0,58 \u20ac",
    "price/unit": "(17,06 \u20ac / kg)\r\n        "
  },
  {
    "name": "Pastillid Lime Vita-C HALLS 33.5g",
    "price": "0,56 \u20ac",
    "price/unit": "(16,72 \u20ac / kg)\r\n        "
  },
  {
    "name": "Pastillid Exstra Strong HALLS 33.5g",
    "price": "0,56 \u20ac",
    "price/unit": "(16,72 \u20ac / kg)\r\n        "
  },
  {
    "name": "Pastillid Mee-Sidruni HALLS 33.5g",
    "price": "0,56 \u20ac",
    "price/unit": "(16,72 \u20ac / kg)\r\n        "
  },
  {
    "name": "N\u00e4ts White Fresh Mint ORBIT 14g",
    "price": "0,49 \u20ac",
    "price/unit": "(35,00 \u20ac / kg)\r\n        "
  },
  {
    "name": "N\u00e4ts White Fruit ORBIT 14g",
    "price": "0,49 \u20ac",
    "price/unit": "(35,00 \u20ac / kg)\r\n        "
  },
  {
    "name": "Pastillid Citrus Multivitamin MYNTHON34g",
    "price": "0,58 \u20ac",
    "price/unit": "(17,06 \u20ac / kg)\r\n        "
  },
  {
    "name": "Pastillid Forest fruit HALLS 33.5g",
    "price": "0,56 \u20ac",
    "price/unit": "(16,72 \u20ac / kg)\r\n        "
  },
  {
    "name": "N\u00e4ts Sweet Mint (bag) ORBIT 35g",
    "price": "0,99 \u20ac",
    "price/unit": "(28,29 \u20ac / kg)\r\n        "
  },
  {
    "name": "Puuviljamaitselised kommid PEZ 6*8.5g",
    "price": "0,62 \u20ac",
    "price/unit": "(12,16 \u20ac / kg)\r\n        "
  },
  {
    "name": "N\u00e4ts Kids Classic ORBIT 13g",
    "price": "0,29 \u20ac",
    "price/unit": "(22,31 \u20ac / kg)\r\n        "
  },
  {
    "name": "Pastillid OrangeMint Tic-Tac FERRERO 49g",
    "price": "1,29 \u20ac",
    "price/unit": "(26,33 \u20ac / kg)\r\n        "
  },
  {
    "name": "N\u00e4ts Watermelon ORBIT 14g",
    "price": "0,49 \u20ac",
    "price/unit": "(35,00 \u20ac / kg)\r\n        "
  },
  {
    "name": "N\u00e4ts White Spearmint ORBIT 14g",
    "price": "0,49 \u20ac",
    "price/unit": "(35,00 \u20ac / kg)\r\n        "
  },
  {
    "name": "N\u00e4ts White Spearmint (bag) ORBIT 35g",
    "price": "0,99 \u20ac",
    "price/unit": "(28,29 \u20ac / kg)\r\n        "
  },
  {
    "name": "N\u00e4ts Orange suhkruvaba ORBIT 14g",
    "price": "0,49 \u20ac",
    "price/unit": "(35,00 \u20ac / kg)\r\n        "
  },
  {
    "name": "N\u00e4ts  Spearmint ORBIT 14g",
    "price": "0,49 \u20ac",
    "price/unit": "(35,00 \u20ac / kg)\r\n        "
  },
  {
    "name": "N\u00e4ts  Blueberry ORBIT 14g",
    "price": "0,49 \u20ac",
    "price/unit": "(35,00 \u20ac / kg)\r\n        "
  },
  {
    "name": "N\u00e4ts Sweet Freshness DIROL 13.6g",
    "price": "0,48 \u20ac",
    "price/unit": "(35,29 \u20ac / kg)\r\n        "
  },
  {
    "name": "Pastillid Extra Strong LOCKETS 41g",
    "price": "0,65 \u20ac",
    "price/unit": "(15,85 \u20ac / kg)\r\n        "
  },
  {
    "name": "Kompvekid puuviljam. Fizzy  PEZ 30g",
    "price": "0,49 \u20ac",
    "price/unit": "(16,33 \u20ac / kg)\r\n        "
  },
  {
    "name": "Pastillid Wild Fruit Drops ORBIT 33g",
    "price": "0,69 \u20ac",
    "price/unit": "(20,91 \u20ac / kg)\r\n        "
  },
  {
    "name": "Pastillid Lemon Mint ORBIT 33g",
    "price": "0,65 \u20ac",
    "price/unit": "(19,70 \u20ac / kg)\r\n        "
  },
  {
    "name": "N\u00e4ts White Fruit (bag) ORBIT 35g",
    "price": "0,99 \u20ac",
    "price/unit": "(28,29 \u20ac / kg)\r\n        "
  },
  {
    "name": "Pastillid apels. maits.Tic-TacFERRERO18g",
    "price": "0,59 \u20ac",
    "price/unit": "(32,78 \u20ac / kg)\r\n        "
  },
  {
    "name": "Pastillid maasika mait.Tic-TacFERRERO18g",
    "price": "0,59 \u20ac",
    "price/unit": "(32,78 \u20ac / kg)\r\n        "
  },
  {
    "name": "N\u00e4rimiskumm Spearmint ORBIT, 58g",
    "price": "1,49 \u20ac",
    "price/unit": "(25,69 \u20ac / kg)\r\n        "
  },
  {
    "name": "N\u00e4ts Sweetmint ORBIT 58g",
    "price": "1,49 \u20ac",
    "price/unit": "(25,69 \u20ac / kg)\r\n        "
  },
  {
    "name": "Pastillid Fruitwave strawberry HALLS 45g",
    "price": "0,56 \u20ac",
    "price/unit": "(12,44 \u20ac / kg)\r\n        "
  },
  {
    "name": "Pastillid Fruitwave peach HALLS 45g",
    "price": "0,56 \u20ac",
    "price/unit": "(12,44 \u20ac / kg)\r\n        "
  },
  {
    "name": "N\u00e4ts Fruit mix DIROL 30g",
    "price": "1,05 \u20ac",
    "price/unit": "(35,00 \u20ac / kg)\r\n        "
  },
  {
    "name": "N\u00e4ts Sweetmint ORBIT 84g",
    "price": "1,99 \u20ac",
    "price/unit": "(23,69 \u20ac / kg)\r\n        "
  },
  {
    "name": "N\u00e4ts Spearmint ORBIT 84g",
    "price": "1,99 \u20ac",
    "price/unit": "(23,69 \u20ac / kg)\r\n        "
  },
  {
    "name": "Pastillid Strong Mints ORBIT 28g",
    "price": "0,69 \u20ac",
    "price/unit": "(24,64 \u20ac / kg)\r\n        "
  },
  {
    "name": "Pastillid \u00f5unam. suhkruv. BLINK 15g",
    "price": "1,49 \u20ac",
    "price/unit": "(99,33 \u20ac / kg)\r\n        "
  },
  {
    "name": "Kompvekikarp Raffaello FERRERO 150g",
    "price": "2,99 \u20ac",
    "price/unit": "(19,93 \u20ac / kg)\r\n        "
  },
  {
    "name": "Kompvekikarp Rocher FERRERO 200g",
    "price": "5,49 \u20ac",
    "price/unit": "(27,45 \u20ac / kg)\r\n        "
  },
  {
    "name": "Kompvek Geisha karbis FAZER 150g",
    "price": "2,49 \u20ac",
    "price/unit": "(16,60 \u20ac / kg)\r\n        "
  },
  {
    "name": "Kompvekikarp Toffifee STORCK 125g",
    "price": "2,35 \u20ac",
    "price/unit": "(18,80 \u20ac / kg)\r\n        "
  },
  {
    "name": "\u0160okolaadiassortii Merci STORCK 250g",
    "price": "5,49 \u20ac",
    "price/unit": "(21,96 \u20ac / kg)\r\n        "
  },
  {
    "name": "\u0160hokolaadibanaanid CASALI 150g",
    "price": "1,55 \u20ac",
    "price/unit": "(10,33 \u20ac / kg)\r\n        "
  },
  {
    "name": "Kompvekikarp s\u00fcdamed MOZART 80g",
    "price": "4,99 \u20ac",
    "price/unit": "(62,38 \u20ac / kg)\r\n        "
  },
  {
    "name": "\u0160ok.kompvekid Rocher FERRERO 37.5g",
    "price": "1,09 \u20ac",
    "price/unit": "(29,07 \u20ac / kg)\r\n        "
  },
  {
    "name": "\u0160ok.lehed piparm\u00fcn.AfterEight NESTLE200g",
    "price": "3,05 \u20ac",
    "price/unit": "(15,25 \u20ac / kg)\r\n        "
  },
  {
    "name": "Kompvekikarp Tallinna Siluett KALEV 186g",
    "price": "2,69 \u20ac",
    "price/unit": "(14,46 \u20ac / kg)\r\n        "
  },
  {
    "name": "Kompvekikarp Maiuspala KALEV 200g",
    "price": "3,29 \u20ac",
    "price/unit": "(16,45 \u20ac / kg)\r\n        "
  },
  {
    "name": "Kompvekid Raffaello FERRERO 40g",
    "price": "0,92 \u20ac",
    "price/unit": "(23,00 \u20ac / kg)\r\n        "
  },
  {
    "name": "Piima\u0161ok.pallid,karp,Lindor LINDT 200g",
    "price": "5,49 \u20ac",
    "price/unit": "(27,45 \u20ac / kg)\r\n        "
  },
  {
    "name": "Kompvekikarp SOLIDARNOSC 228g",
    "price": "3,69 \u20ac",
    "price/unit": "(16,18 \u20ac / kg)\r\n        "
  },
  {
    "name": "Pralineekompvekid EVIOO KALEV 500g",
    "price": "6,89 \u20ac",
    "price/unit": "(13,78 \u20ac / kg)\r\n        "
  },
  {
    "name": "\u0160okolaadipallid,karp, Lindor LINDT 200g",
    "price": "5,49 \u20ac",
    "price/unit": "(27,45 \u20ac / kg)\r\n        "
  },
  {
    "name": "Tr\u00fchvlid Original DELI TRUFF 175g",
    "price": "1,65 \u20ac",
    "price/unit": "(9,43 \u20ac / kg)\r\n        "
  },
  {
    "name": "Kompvekikarp Milk Chocolate PERGAL\u0116 373g",
    "price": "3,99 \u20ac",
    "price/unit": "(10,70 \u20ac / kg)\r\n        "
  },
  {
    "name": "Kompvekikarp Dark Chocolate PERGAL\u0116 373g",
    "price": "3,99 \u20ac",
    "price/unit": "(10,70 \u20ac / kg)\r\n        "
  },
  {
    "name": "Kompvekikarp Tallinn 382g",
    "price": "2,99 \u20ac",
    "price/unit": "(7,83 \u20ac / kg)\r\n        "
  },
  {
    "name": "Kompvekikarp Raffaello FERRERO  230g",
    "price": "3,99 \u20ac",
    "price/unit": "(17,35 \u20ac / kg)\r\n        "
  },
  {
    "name": "Kommikarp CaramelCollection PERGALE 126g",
    "price": "1,89 \u20ac",
    "price/unit": "(15,00 \u20ac / kg)\r\n        "
  },
  {
    "name": "Karp \u0161ok.kompv.p\u00e4hkl. I Love MILKA 110g",
    "price": "2,99 \u20ac",
    "price/unit": "(27,18 \u20ac / kg)\r\n        "
  },
  {
    "name": "Lik\u00f6\u00f6rikompvekkide valik KALEV 350g",
    "price": "5,25 \u20ac",
    "price/unit": "(15,00 \u20ac / kg)\r\n        "
  },
  {
    "name": "\u0160ok.kompv.Parimate soovidega KALEV 186g",
    "price": "3,35 \u20ac",
    "price/unit": "(18,01 \u20ac / kg)\r\n        "
  },
  {
    "name": "\u0160okolaadikompv. Linnupiim KALEV 340g",
    "price": "5,49 \u20ac",
    "price/unit": "(16,15 \u20ac / kg)\r\n        "
  },
  {
    "name": "\u0160okolaadikompv. Linnupiim KALEV 238g",
    "price": "4,29 \u20ac",
    "price/unit": "(18,03 \u20ac / kg)\r\n        "
  },
  {
    "name": "Kompvekid Dark Geisha FAZER 150g",
    "price": "2,49 \u20ac",
    "price/unit": "(16,60 \u20ac / kg)\r\n        "
  },
  {
    "name": "Kompv. Dessert Collection PERGAL\u0116 125g",
    "price": "1,99 \u20ac",
    "price/unit": "(15,92 \u20ac / kg)\r\n        "
  },
  {
    "name": "Kommikarp p\u00e4hkli.Collection PERGAL\u0116 120g",
    "price": "1,99 \u20ac",
    "price/unit": "(16,58 \u20ac / kg)\r\n        "
  },
  {
    "name": "Tr\u00fchvlid Cognac PERGAL\u0116 200g",
    "price": "2,65 \u20ac",
    "price/unit": "(13,25 \u20ac / kg)\r\n        "
  },
  {
    "name": "Kompv.karp Vana Tallinn Cream KALEV 124g",
    "price": "1,79 \u20ac",
    "price/unit": "(14,44 \u20ac / kg)\r\n        "
  },
  {
    "name": "Kompv.karp sufl. vanil.m.MIO DELIZZI450g",
    "price": "1,99 \u20ac",
    "price/unit": "(4,42 \u20ac / kg)\r\n        "
  },
  {
    "name": "Kompv.karp suflee sidr.m.MIO DELIZZI450g",
    "price": "1,99 \u20ac",
    "price/unit": "(4,42 \u20ac / kg)\r\n        "
  },
  {
    "name": "Komp.karp suflee \u0161ok.m. MIO DELIZZI 450g",
    "price": "1,99 \u20ac",
    "price/unit": "(4,42 \u20ac / kg)\r\n        "
  },
  {
    "name": "Kompvekikarp Raffaello FERRERO  260g",
    "price": "5,19 \u20ac",
    "price/unit": "(19,96 \u20ac / kg)\r\n        "
  },
  {
    "name": "Kompv.assort.Marzipan dark PERGAL\u0116 125g",
    "price": "1,89 \u20ac",
    "price/unit": "(15,12 \u20ac / kg)\r\n        "
  },
  {
    "name": "Tr\u00fchvel klassikaline KALEV, 160g",
    "price": "4,59 \u20ac",
    "price/unit": "(28,69 \u20ac / kg)\r\n        "
  },
  {
    "name": "Kompvekikarp Bella Vista 200g",
    "price": "2,69 \u20ac",
    "price/unit": "(13,45 \u20ac / kg)\r\n        "
  },
  {
    "name": "Kompvekikarp Rocher FERRERO 100g",
    "price": "3,39 \u20ac",
    "price/unit": "(33,90 \u20ac / kg)\r\n        "
  },
  {
    "name": "Kompvekikarp LesExclusives GUYLIAN 305g",
    "price": "10,99 \u20ac",
    "price/unit": "(36,03 \u20ac / kg)\r\n        "
  },
  {
    "name": "Kompvekkide assortii MIO DELIZZI 400g",
    "price": "3,09 \u20ac",
    "price/unit": "(7,73 \u20ac / kg)\r\n        "
  },
  {
    "name": "\u0160okolaaditr\u00fchvlid Bailey`s 94g",
    "price": "4,99 \u20ac",
    "price/unit": "(53,09 \u20ac / kg)\r\n        "
  },
  {
    "name": "Kompvekid Gold PERGALE 382g",
    "price": "4,29 \u20ac",
    "price/unit": "(11,23 \u20ac / kg)\r\n        "
  },
  {
    "name": "Makaroniroog SALVEST 530g",
    "price": "1,79 \u20ac",
    "price/unit": "(3,38 \u20ac / kg)\r\n        "
  },
  {
    "name": "Pilaff SALVEST 530g",
    "price": "1,79 \u20ac",
    "price/unit": "(3,38 \u20ac / kg)\r\n        "
  },
  {
    "name": "Konservsalat Toome SALVEST 500g",
    "price": "1,79 \u20ac",
    "price/unit": "(3,58 \u20ac / kg)\r\n        "
  },
  {
    "name": "Gulja\u0161\u0161 SALVEST 530g",
    "price": "1,99 \u20ac",
    "price/unit": "(3,75 \u20ac / kg)\r\n        "
  },
  {
    "name": "Tatrapuder sealihaga SALVEST530g",
    "price": "2,29 \u20ac",
    "price/unit": "(4,32 \u20ac / kg)\r\n        "
  },
  {
    "name": "Salatiporgand SALVEST 530g",
    "price": "1,59 \u20ac",
    "price/unit": "(3,00 \u20ac / kg)\r\n        "
  },
  {
    "name": "Kons.mais,hernes,paprika BONDUELLE 340g",
    "price": "1,55 \u20ac",
    "price/unit": "(4,56 \u20ac / kg)\r\n        "
  },
  {
    "name": "Kabat\u0161okip\u00fcree BEPEC 520g",
    "price": "2,15 \u20ac",
    "price/unit": "(4,13 \u20ac / kg)\r\n        "
  },
  {
    "name": "Bakla\u017eaanip\u00fcree BEPEC 520g",
    "price": "2,39 \u20ac",
    "price/unit": "(4,60 \u20ac / kg)\r\n        "
  },
  {
    "name": "\u00dchepajatoit sealihaga SALVEST 530g",
    "price": "1,89 \u20ac",
    "price/unit": "(3,57 \u20ac / kg)\r\n        "
  },
  {
    "name": "Mulgipuder sealihaga SALVEST 530g",
    "price": "1,69 \u20ac",
    "price/unit": "(3,19 \u20ac / kg)\r\n        "
  },
  {
    "name": "Makaronid singiga SALVEST 530g",
    "price": "1,79 \u20ac",
    "price/unit": "(3,38 \u20ac / kg)\r\n        "
  },
  {
    "name": "Pilaff lihata 3MIN 480g",
    "price": "1,25 \u20ac",
    "price/unit": "(2,60 \u20ac / kg)\r\n        "
  },
  {
    "name": "\u0160ampinjonilet\u0161o BONDUELLE mahedam.450g",
    "price": "1,59 \u20ac",
    "price/unit": "(3,53 \u20ac / kg)\r\n        "
  },
  {
    "name": "\u0160amp.let\u0161o BONDUELLE keskm.v\u00fcrts.450g",
    "price": "1,49 \u20ac",
    "price/unit": "(3,31 \u20ac / kg)\r\n        "
  },
  {
    "name": "Suitsupeekoniga pilaff SALVEST 530g",
    "price": "1,79 \u20ac",
    "price/unit": "(3,38 \u20ac / kg)\r\n        "
  },
  {
    "name": "\u00d5lleuba SALVEST 580g",
    "price": "1,49 \u20ac",
    "price/unit": "(2,57 \u20ac / kg)\r\n        "
  },
  {
    "name": "Bakla\u017eaanip\u00fcree GOSPODAROT\u0160KA 445g",
    "price": "1,75 \u20ac",
    "price/unit": "(3,93 \u20ac / kg)\r\n        "
  },
  {
    "name": "Kartulipuder lihapall. RANNAROOTSI 400g",
    "price": "1,99 \u20ac",
    "price/unit": "(4,98 \u20ac / kg)\r\n        "
  },
  {
    "name": "Strooganov kartuliga RANNAROOTSI 400g",
    "price": "2,13 \u20ac",
    "price/unit": "(5,33 \u20ac / kg)\r\n        "
  },
  {
    "name": "Gulja\u0161s kartulitega RANNAROOTSI 400g",
    "price": "2,39 \u20ac",
    "price/unit": "(5,98 \u20ac / kg)\r\n        "
  },
  {
    "name": "Kurgisalat sinepiga SALVEST 380g",
    "price": "1,59 \u20ac",
    "price/unit": "(4,18 \u20ac / kg)\r\n        "
  },
  {
    "name": "N\u00e4tsukommid j\u00e4\u00e4tise maits. CHEWITS 29g",
    "price": "0,29 \u20ac",
    "price/unit": "(10,00 \u20ac / kg)\r\n        "
  },
  {
    "name": "N\u00e4tsukommid maasika maits. CHEWITS 29g",
    "price": "0,29 \u20ac",
    "price/unit": "(10,00 \u20ac / kg)\r\n        "
  },
  {
    "name": "Pastillid puuvilja MENTOS  38g",
    "price": "0,79 \u20ac",
    "price/unit": "(20,79 \u20ac / kg)\r\n        "
  },
  {
    "name": "Kompvek \u0161okolaadit\u00e4idisega MELLER 38g",
    "price": "0,69 \u20ac",
    "price/unit": "(18,16 \u20ac / kg)\r\n        "
  },
  {
    "name": "Kummikommid Tropi Frutti HARIBO 100g",
    "price": "0,75 \u20ac",
    "price/unit": "(7,50 \u20ac / kg)\r\n        "
  },
  {
    "name": "Kummikommid Happy Cola HARIBO 100g",
    "price": "0,75 \u20ac",
    "price/unit": "(7,50 \u20ac / kg)\r\n        "
  },
  {
    "name": "Kummikommid Kuldkarud HARIBO 200g",
    "price": "1,35 \u20ac",
    "price/unit": "(6,75 \u20ac / kg)\r\n        "
  },
  {
    "name": "Kummikommid Fantaasia HARIBO 200g",
    "price": "1,35 \u20ac",
    "price/unit": "(6,75 \u20ac / kg)\r\n        "
  },
  {
    "name": "Kompvek Migle KARUNA, kg",
    "price": "6,59 \u20ac",
    "price/unit": "(6,59 \u20ac / kg)\r\n        "
  },
  {
    "name": "Iiris Toffee Kiss-Kiss KALEV 150g",
    "price": "0,69 \u20ac",
    "price/unit": "(4,60 \u20ac / kg)\r\n        "
  },
  {
    "name": "\u0160ok.komp. Kinder Schoko-BonsFERRERO 125g",
    "price": "2,19 \u20ac",
    "price/unit": "(17,52 \u20ac / kg)\r\n        "
  },
  {
    "name": "Pehme iiris\u00a0Kiss-Kiss KALEV, 150g",
    "price": "0,69 \u20ac",
    "price/unit": "(4,60 \u20ac / kg)\r\n        "
  },
  {
    "name": "N\u00e4tsukomm Maoam Kracher HARIBO 200g",
    "price": "1,09 \u20ac",
    "price/unit": "(5,45 \u20ac / kg)\r\n        "
  },
  {
    "name": "Batoonike Kaseke KALEV 150g",
    "price": "0,99 \u20ac",
    "price/unit": "(6,60 \u20ac / kg)\r\n        "
  },
  {
    "name": "Piimabatoonike Pilveke KALEV 150g",
    "price": "0,99 \u20ac",
    "price/unit": "(6,60 \u20ac / kg)\r\n        "
  },
  {
    "name": "N\u00e4tsukommid TUTTI FRUTTI 15g",
    "price": "0,25 \u20ac",
    "price/unit": "(16,67 \u20ac / kg)\r\n        "
  },
  {
    "name": "Batoonike Miisu 150g",
    "price": "1,05 \u20ac",
    "price/unit": "(7,00 \u20ac / kg)\r\n        "
  },
  {
    "name": "Dra\u017eee piima\u0161okolaadiga DAIM 100g",
    "price": "1,45 \u20ac",
    "price/unit": "(14,50 \u20ac / kg)\r\n        "
  },
  {
    "name": "Vahvlikompvek,rummim. Tallinn KALEV 150g",
    "price": "1,69 \u20ac",
    "price/unit": "(11,27 \u20ac / kg)\r\n        "
  },
  {
    "name": "Karamell Troop. kokt. OPTIMA LINIJA 120g",
    "price": "0,48 \u20ac",
    "price/unit": "(4,00 \u20ac / kg)\r\n        "
  },
  {
    "name": "KaramelL Djusess OPTIMA LINIJA 120g",
    "price": "0,48 \u20ac",
    "price/unit": "(4,00 \u20ac / kg)\r\n        "
  },
  {
    "name": "Karamell Meta OPTIMA LINIJA 120g",
    "price": "0,48 \u20ac",
    "price/unit": "(4,00 \u20ac / kg)\r\n        "
  },
  {
    "name": "Karamell barbarissim. OPTIMA LINIJA 120g",
    "price": "0,48 \u20ac",
    "price/unit": "(4,00 \u20ac / kg)\r\n        "
  },
  {
    "name": "Sidr.-apels karamell OPTIMA LINIJA 120g",
    "price": "0,48 \u20ac",
    "price/unit": "(4,00 \u20ac / kg)\r\n        "
  },
  {
    "name": "Vahvlikompv.ananassimaits.V.PERGALE,kg",
    "price": "6,99 \u20ac",
    "price/unit": "(6,99 \u20ac / kg)\r\n        "
  },
  {
    "name": "Kompvek P\u00e4\u00e4suke V.PERGALE, kg",
    "price": "3,49 \u20ac",
    "price/unit": "(3,49 \u20ac / kg)\r\n        "
  },
  {
    "name": "Pralineekompvek Komeet KALEV 175g",
    "price": "1,39 \u20ac",
    "price/unit": "(7,94 \u20ac / kg)\r\n        "
  },
  {
    "name": "Pralineekompvek Teekonna KALEV 175g",
    "price": "1,39 \u20ac",
    "price/unit": "(7,94 \u20ac / kg)\r\n        "
  },
  {
    "name": "Batoonike Kaseke KALEV, kg",
    "price": "7,49 \u20ac",
    "price/unit": "(7,49 \u20ac / kg)\r\n        "
  },
  {
    "name": "Pralineekompvek Oravake KALEV 175g",
    "price": "1,89 \u20ac",
    "price/unit": "(10,80 \u20ac / kg)\r\n        "
  },
  {
    "name": "Vahvlikompvek Ananass KALEV 150g",
    "price": "1,49 \u20ac",
    "price/unit": "(9,93 \u20ac / kg)\r\n        "
  },
  {
    "name": "Marmelaadikompvek Lily KALEV  175g",
    "price": "1,09 \u20ac",
    "price/unit": "(6,23 \u20ac / kg)\r\n        "
  },
  {
    "name": "Marmelaadikompvek Tiina KALEV 175g",
    "price": "1,09 \u20ac",
    "price/unit": "(6,23 \u20ac / kg)\r\n        "
  },
  {
    "name": "Iirisekompvek Dumle Original FAZER 120g",
    "price": "1,59 \u20ac",
    "price/unit": "(13,25 \u20ac / kg)\r\n        "
  },
  {
    "name": "N\u00e4rimiskompvek maasik.Draakon KALEV 110g",
    "price": "0,87 \u20ac",
    "price/unit": "(7,91 \u20ac / kg)\r\n        "
  },
  {
    "name": "Puuviljakompvekid SKITTLES 38g",
    "price": "0,63 \u20ac",
    "price/unit": "(16,58 \u20ac / kg)\r\n        "
  },
  {
    "name": "Puuvil.kompvekid CrazySours SKITTLES 38g",
    "price": "0,63 \u20ac",
    "price/unit": "(16,58 \u20ac / kg)\r\n        "
  },
  {
    "name": "Karamell puuvilja-marja, assortii 500g",
    "price": "1,79 \u20ac",
    "price/unit": "(3,58 \u20ac / kg)\r\n        "
  },
  {
    "name": "Karamell,barbarissimaitseline KALEV 120g",
    "price": "0,45 \u20ac",
    "price/unit": "(3,75 \u20ac / kg)\r\n        "
  },
  {
    "name": "Pralineekompvek Kalev KALEV 175g",
    "price": "1,89 \u20ac",
    "price/unit": "(10,80 \u20ac / kg)\r\n        "
  },
  {
    "name": "Pralineekompvek India p\u00e4hkliga KALEV175g",
    "price": "1,89 \u20ac",
    "price/unit": "(10,80 \u20ac / kg)\r\n        "
  },
  {
    "name": "Pralineekompvek Karakum KALEV 175g",
    "price": "1,89 \u20ac",
    "price/unit": "(10,80 \u20ac / kg)\r\n        "
  },
  {
    "name": "Vahvlikompvek Mesik\u00e4pp KALEV 150g",
    "price": "1,69 \u20ac",
    "price/unit": "(11,27 \u20ac / kg)\r\n        "
  },
  {
    "name": "Marmelaadikompv.marjam.Mari KALEV 175g",
    "price": "1,09 \u20ac",
    "price/unit": "(6,23 \u20ac / kg)\r\n        "
  },
  {
    "name": "Marmelaadikompv.kirsimaits.KALEV 175g",
    "price": "1,15 \u20ac",
    "price/unit": "(6,57 \u20ac / kg)\r\n        "
  },
  {
    "name": "Pumatikompvek rummim.T\u00f5mmu KALEV 175g",
    "price": "1,45 \u20ac",
    "price/unit": "(8,29 \u20ac / kg)\r\n        "
  },
  {
    "name": "Karamell,piparm\u00fcndimaitseline KALEV 120g",
    "price": "0,45 \u20ac",
    "price/unit": "(3,75 \u20ac / kg)\r\n        "
  },
  {
    "name": "Karamell,pirnimaitseline KALEV 120g",
    "price": "0,55 \u20ac",
    "price/unit": "(4,58 \u20ac / kg)\r\n        "
  },
  {
    "name": "Karamell,apelsinimaitseline KALEV 120g",
    "price": "0,45 \u20ac",
    "price/unit": "(3,75 \u20ac / kg)\r\n        "
  },
  {
    "name": "N\u00e4rimiskompvek \u00f5unam. Draakon KALEV 110g",
    "price": "0,87 \u20ac",
    "price/unit": "(7,91 \u20ac / kg)\r\n        "
  },
  {
    "name": "V\u00f5idekreem metsap\u00e4hklitega NUTELLA 350g",
    "price": "3,09 \u20ac",
    "price/unit": "(8,83 \u20ac / kg)\r\n        "
  },
  {
    "name": "Karamelli-dessertkaste SCHWARTAU 125ml",
    "price": "1,45 \u20ac",
    "price/unit": "(11,60 \u20ac / l)\r\n        "
  },
  {
    "name": "\u0160okolaadikreem MIO DELIZZI 400g",
    "price": "1,69 \u20ac",
    "price/unit": "(4,23 \u20ac / kg)\r\n        "
  },
  {
    "name": "V\u00f5idekreem p\u00e4hkl. ja kakaoga NUTELLA600g",
    "price": "4,75 \u20ac",
    "price/unit": "(7,92 \u20ac / kg)\r\n        "
  },
  {
    "name": "Ch. must., \u00e4\u00e4dika ja portveiniPRISCA230g",
    "price": "6,86 \u20ac",
    "price/unit": "(29,83 \u20ac / kg)\r\n        "
  },
  {
    "name": "\u00d5una\u00e4\u00e4dikas 6% 1L",
    "price": "1,93 \u20ac",
    "price/unit": "(1,93 \u20ac / l)\r\n        "
  },
  {
    "name": "Valge veini \u00e4\u00e4dikas KUHNE 6% 250ml",
    "price": "1,65 \u20ac",
    "price/unit": "(6,60 \u20ac / l)\r\n        "
  },
  {
    "name": "Palsami\u00e4\u00e4dik.Nera MONARI FEDERZONI 500ml",
    "price": "3,19 \u20ac",
    "price/unit": "(6,38 \u20ac / l)\r\n        "
  },
  {
    "name": "Palsami\u00e4\u00e4dikas Klassik.FINI Modena 250ml",
    "price": "2,35 \u20ac",
    "price/unit": "(9,40 \u20ac / l)\r\n        "
  },
  {
    "name": "S\u00f6\u00f6gi\u00e4\u00e4dikas 30% 0,3L",
    "price": "0,49 \u20ac",
    "price/unit": "(1,63 \u20ac / l)\r\n        "
  },
  {
    "name": "Palsami\u00e4\u00e4dikas JAMIE OLIVER Modena 250ml",
    "price": "4,49 \u20ac",
    "price/unit": "(17,96 \u20ac / l)\r\n        "
  },
  {
    "name": "Sidrunimahla kontsentraat LIMONINO 100ml",
    "price": "0,49 \u20ac",
    "price/unit": "(4,90 \u20ac / l)\r\n        "
  },
  {
    "name": "S\u00f6\u00f6gi\u00e4\u00e4dikas MAADLEX 30% 330ml",
    "price": "0,45 \u20ac",
    "price/unit": "(1,36 \u20ac / l)\r\n        "
  },
  {
    "name": "S\u00f6\u00f6gi\u00e4\u00e4dikas MAADLEX 30% 500ml",
    "price": "0,79 \u20ac",
    "price/unit": "(1,58 \u20ac / l)\r\n        "
  },
  {
    "name": "S\u00f6\u00f6gi\u00e4\u00e4dikas OPTIMA LINIJA 30% 500ml",
    "price": "0,63 \u20ac",
    "price/unit": "(1,26 \u20ac / l)\r\n        "
  },
  {
    "name": "S\u00f6\u00f6gi\u00e4\u00e4dikhape OPTIMA LINIJA 9% 1L",
    "price": "0,59 \u20ac",
    "price/unit": "(0,59 \u20ac / l)\r\n        "
  },
  {
    "name": "Valge veini \u00e4\u00e4dikas JAMIE OLIVER 250ml",
    "price": "4,25 \u20ac",
    "price/unit": "(17,00 \u20ac / l)\r\n        "
  },
  {
    "name": "Punase veini \u00e4\u00e4dikas JAMIE OLIVER 250ml",
    "price": "4,25 \u20ac",
    "price/unit": "(17,00 \u20ac / l)\r\n        "
  },
  {
    "name": "Palsami\u00e4\u00e4dikas modena JAMIE OLIVER 250ml",
    "price": "12,59 \u20ac",
    "price/unit": "(50,36 \u20ac / l)\r\n        "
  },
  {
    "name": "\u00dcllatusmuna KINDER 20g",
    "price": "0,95 \u20ac",
    "price/unit": "(47,50 \u20ac / kg)\r\n        "
  },
  {
    "name": "\u0160ok.batoonike BOUNTY 57g",
    "price": "0,69 \u20ac",
    "price/unit": "(12,11 \u20ac / kg)\r\n        "
  },
  {
    "name": "\u0160okolaad p\u00e4hkli-rosina Karl FAZER 200g",
    "price": "2,19 \u20ac",
    "price/unit": "(10,95 \u20ac / kg)\r\n        "
  },
  {
    "name": "\u0160okolaad p\u00e4hklitega Karl FAZER 200g",
    "price": "1,99 \u20ac",
    "price/unit": "(9,95 \u20ac / kg)\r\n        "
  },
  {
    "name": "\u0160okolaad p\u00e4hklit\u00e4idis. Geisha FAZER 100g",
    "price": "1,49 \u20ac",
    "price/unit": "(14,90 \u20ac / kg)\r\n        "
  },
  {
    "name": "\u0160ok.batoonike Kinder Bueno FERRERO 43g",
    "price": "0,73 \u20ac",
    "price/unit": "(16,98 \u20ac / kg)\r\n        "
  },
  {
    "name": "\u0160okolaad Kinder FERRERO 50g",
    "price": "0,72 \u20ac",
    "price/unit": "(14,40 \u20ac / kg)\r\n        "
  },
  {
    "name": "\u0160ok.batoonike Country Kind.FERRERO 23.5g",
    "price": "0,38 \u20ac",
    "price/unit": "(16,17 \u20ac / kg)\r\n        "
  },
  {
    "name": "\u0160okolaad Kinder FERRERO 100g",
    "price": "1,29 \u20ac",
    "price/unit": "(12,90 \u20ac / kg)\r\n        "
  },
  {
    "name": "Piima\u0161okolaad Karl FAZER 200g",
    "price": "1,99 \u20ac",
    "price/unit": "(9,95 \u20ac / kg)\r\n        "
  },
  {
    "name": "Puuviljamaits.kommid+m\u00e4nguasi PEZ 2*8.5g",
    "price": "1,19 \u20ac",
    "price/unit": "(70,00 \u20ac / kg)\r\n        "
  },
  {
    "name": "Piima\u0161okolaad Anneke, KALEV 100g",
    "price": "1,19 \u20ac",
    "price/unit": "(11,90 \u20ac / kg)\r\n        "
  },
  {
    "name": "Tume \u0161okolaad Bitter KALEV 100g",
    "price": "1,19 \u20ac",
    "price/unit": "(11,90 \u20ac / kg)\r\n        "
  },
  {
    "name": "Piima\u0161okol. metsap\u00e4hklitega KALEV 100g",
    "price": "0,99 \u20ac",
    "price/unit": "(9,90 \u20ac / kg)\r\n        "
  },
  {
    "name": "Piima\u0161okolaad Anneke KALEV 300g",
    "price": "3,75 \u20ac",
    "price/unit": "(12,50 \u20ac / kg)\r\n        "
  },
  {
    "name": "Tume \u0161okol. metsap\u00e4hklitega KALEV 300g",
    "price": "2,59 \u20ac",
    "price/unit": "(8,63 \u20ac / kg)\r\n        "
  },
  {
    "name": "Piima\u0161okolaad Linda KALEV 300g",
    "price": "2,59 \u20ac",
    "price/unit": "(8,63 \u20ac / kg)\r\n        "
  },
  {
    "name": "Piima\u0161ok. vahvliga Mesik\u00e4pp KALEV 300g",
    "price": "3,75 \u20ac",
    "price/unit": "(12,50 \u20ac / kg)\r\n        "
  },
  {
    "name": "Piima\u0161okolaad Alpine Milk MILKA 100g",
    "price": "0,99 \u20ac",
    "price/unit": "(9,90 \u20ac / kg)\r\n        "
  },
  {
    "name": "Piima-ja valge \u0161okolaadi segu MILKA 100g",
    "price": "0,99 \u20ac",
    "price/unit": "(9,90 \u20ac / kg)\r\n        "
  },
  {
    "name": "Valge \u0161ok.sarapup\u00e4hkl. RITTER SPORT 100g",
    "price": "1,99 \u20ac",
    "price/unit": "(19,90 \u20ac / kg)\r\n        "
  },
  {
    "name": "Piima\u0161ok.t\u00e4isp\u00e4hklitega RITTER SPORT100g",
    "price": "1,99 \u20ac",
    "price/unit": "(19,90 \u20ac / kg)\r\n        "
  },
  {
    "name": "Tume-ja piima \u0161ok. Triolade MILKA 300g",
    "price": "3,29 \u20ac",
    "price/unit": "(11,75 \u20ac / kg)\r\n        "
  },
  {
    "name": "\u0160okolaad mee-mandlit\u00e4id.TOBLERONE 100g",
    "price": "1,69 \u20ac",
    "price/unit": "(16,90 \u20ac / kg)\r\n        "
  },
  {
    "name": "Valge \u0161ok.mee,mandlitega TOBLERONE 100g",
    "price": "1,69 \u20ac",
    "price/unit": "(16,90 \u20ac / kg)\r\n        "
  },
  {
    "name": "Martsipanibatoon Vana-Tallinn KALEV 40g",
    "price": "0,55 \u20ac",
    "price/unit": "(13,75 \u20ac / kg)\r\n        "
  },
  {
    "name": "Piima\u0161ok.mandlitega Kalevipoeg KALEV300g",
    "price": "2,59 \u20ac",
    "price/unit": "(8,63 \u20ac / kg)\r\n        "
  },
  {
    "name": "Piima\u0161okolaad Singel DAIM 28g",
    "price": "0,39 \u20ac",
    "price/unit": "(13,93 \u20ac / kg)\r\n        "
  },
  {
    "name": "Piima\u0161okolaad t\u00e4isp\u00e4hklitega MILKA,100g",
    "price": "1,09 \u20ac",
    "price/unit": "(10,90 \u20ac / kg)\r\n        "
  },
  {
    "name": "Tume \u0161ok.terv.metsap\u00e4hk.RITTER SPORT100g",
    "price": "1,99 \u20ac",
    "price/unit": "(19,90 \u20ac / kg)\r\n        "
  },
  {
    "name": "\u0160okolaadibatoonike King Size TUPLA 85g",
    "price": "0,99 \u20ac",
    "price/unit": "(11,65 \u20ac / kg)\r\n        "
  },
  {
    "name": "Batoon Dumle Snack FAZER 40g",
    "price": "0,60 \u20ac",
    "price/unit": "(15,00 \u20ac / kg)\r\n        "
  },
  {
    "name": "M\u00f5ru \u0161okol. 70%kakao Exellence LINDT100g",
    "price": "2,65 \u20ac",
    "price/unit": "(26,50 \u20ac / kg)\r\n        "
  },
  {
    "name": "M\u00f5ru\u0161okolaad 85% LINDT 100g",
    "price": "2,65 \u20ac",
    "price/unit": "(26,50 \u20ac / kg)\r\n        "
  },
  {
    "name": "\u0160okolaad Mesik\u00e4pp KALEV 100g",
    "price": "1,19 \u20ac",
    "price/unit": "(11,90 \u20ac / kg)\r\n        "
  },
  {
    "name": "\u0160okolaad Crispy Joghurt MILKA 300g",
    "price": "3,29 \u20ac",
    "price/unit": "(10,97 \u20ac / kg)\r\n        "
  },
  {
    "name": "M\u00f5ru\u0161okolaad Intense Orange LINDT 100g",
    "price": "2,65 \u20ac",
    "price/unit": "(26,50 \u20ac / kg)\r\n        "
  },
  {
    "name": "Valge \u0161okolaad mustikaga KALEV 95g",
    "price": "0,99 \u20ac",
    "price/unit": "(10,42 \u20ac / kg)\r\n        "
  },
  {
    "name": "Magus tahvel Kama KALEV 100g",
    "price": "0,75 \u20ac",
    "price/unit": "(7,50 \u20ac / kg)\r\n        "
  },
  {
    "name": "Tume \u0161okolaad kirsit\u00fckkidega KALEV 100g",
    "price": "0,99 \u20ac",
    "price/unit": "(9,90 \u20ac / kg)\r\n        "
  },
  {
    "name": "\u0160ok.batoon, vanillim. Linnupiim KALEV35g",
    "price": "0,47 \u20ac",
    "price/unit": "(13,43 \u20ac / kg)\r\n        "
  },
  {
    "name": "Tiramisu piima\u0161ok. k\u00fcpsisega KALEV100g",
    "price": "0,99 \u20ac",
    "price/unit": "(9,90 \u20ac / kg)\r\n        "
  },
  {
    "name": "Valge \u0161ok.maasika-k\u00fcpsiset\u00fck. KALEV 100g",
    "price": "1,36 \u20ac",
    "price/unit": "(13,60 \u20ac / kg)\r\n        "
  },
  {
    "name": "Piima\u0161okolaad metsp\u00e4hklitega KALEV 200g",
    "price": "2,59 \u20ac",
    "price/unit": "(12,95 \u20ac / kg)\r\n        "
  },
  {
    "name": "Valge \u0161ok.riisi ja mustikat\u00fck.KALEV 200g",
    "price": "2,59 \u20ac",
    "price/unit": "(12,95 \u20ac / kg)\r\n        "
  },
  {
    "name": "Tume \u0161okolaad kirsiga KALEV 200g",
    "price": "2,59 \u20ac",
    "price/unit": "(12,95 \u20ac / kg)\r\n        "
  },
  {
    "name": "Piima\u0161okolaad Nurr Special KALEV 100g",
    "price": "0,99 \u20ac",
    "price/unit": "(9,90 \u20ac / kg)\r\n        "
  },
  {
    "name": "Tume \u0161okolaad Karl FAZER 200g",
    "price": "2,19 \u20ac",
    "price/unit": "(10,95 \u20ac / kg)\r\n        "
  },
  {
    "name": "Tume \u0161okolaad vaarikaga KALEV 100g",
    "price": "1,39 \u20ac",
    "price/unit": "(13,90 \u20ac / kg)\r\n        "
  },
  {
    "name": "Piima\u0161ok.tervete metsp\u00e4hkl. KALEV 200g",
    "price": "2,59 \u20ac",
    "price/unit": "(12,95 \u20ac / kg)\r\n        "
  },
  {
    "name": "Must ploom ARIMEX 200g",
    "price": "1,99 \u20ac",
    "price/unit": "(9,95 \u20ac / kg)\r\n        "
  },
  {
    "name": "Kuivatatud dattel SEEBERGER 200g",
    "price": "2,39 \u20ac",
    "price/unit": "(11,95 \u20ac / kg)\r\n        "
  },
  {
    "name": "Puuviljasegu SEEBERGER 200g",
    "price": "3,29 \u20ac",
    "price/unit": "(16,45 \u20ac / kg)\r\n        "
  },
  {
    "name": "Rosin Jumbo Tompson ,kg",
    "price": "4,99 \u20ac",
    "price/unit": "(4,99 \u20ac / kg)\r\n        "
  },
  {
    "name": "P\u00e4hkli- mandli-rosinasegu ARIMEX 150g",
    "price": "1,19 \u20ac",
    "price/unit": "(7,93 \u20ac / kg)\r\n        "
  },
  {
    "name": "Kuivatatud j\u00f5hvikad SEEBERGER, 125g",
    "price": "2,69 \u20ac",
    "price/unit": "(21,52 \u20ac / kg)\r\n        "
  },
  {
    "name": "Mustad ploomid kivideta ALIS CO 200g",
    "price": "1,31 \u20ac",
    "price/unit": "(6,55 \u20ac / kg)\r\n        "
  },
  {
    "name": "J\u00f5hvikad ALIS CO 200g",
    "price": "1,79 \u20ac",
    "price/unit": "(8,95 \u20ac / kg)\r\n        "
  },
  {
    "name": "Kuivatatud ploom SEEBERGER 200g",
    "price": "3,49 \u20ac",
    "price/unit": "(17,45 \u20ac / kg)\r\n        "
  },
  {
    "name": "Kuivatatud j\u00f5hvikad ARIMEX 100g",
    "price": "1,39 \u20ac",
    "price/unit": "(13,90 \u20ac / kg)\r\n        "
  },
  {
    "name": "Kuivatatud mango SEEBERGER 100g",
    "price": "3,99 \u20ac",
    "price/unit": "(39,90 \u20ac / kg)\r\n        "
  },
  {
    "name": "Kuivatatud puuviljade segu ARIMEX 300g",
    "price": "2,99 \u20ac",
    "price/unit": "(9,97 \u20ac / kg)\r\n        "
  },
  {
    "name": "Rosinad ALIS CO 400G",
    "price": "1,95 \u20ac",
    "price/unit": "(4,88 \u20ac / kg)\r\n        "
  },
  {
    "name": "Kuivatatud aprikoos ALIS CO 500g",
    "price": "2,69 \u20ac",
    "price/unit": "(5,38 \u20ac / kg)\r\n        "
  },
  {
    "name": "Goji marjad ARIMEX 100g",
    "price": "2,33 \u20ac",
    "price/unit": "(23,30 \u20ac / kg)\r\n        "
  },
  {
    "name": "Kuiv.puuviljasegu Tropical ALIS CO 500g",
    "price": "3,99 \u20ac",
    "price/unit": "(7,98 \u20ac / kg)\r\n        "
  },
  {
    "name": "Kuivatatud aprikoos MINI DAY 250g",
    "price": "1,19 \u20ac",
    "price/unit": "(4,76 \u20ac / kg)\r\n        "
  },
  {
    "name": "Kuivatatud datlid MINI DAY 250g",
    "price": "0,98 \u20ac",
    "price/unit": "(3,92 \u20ac / kg)\r\n        "
  },
  {
    "name": "Kuivatatud ploomid MINI DAY 250g",
    "price": "1,19 \u20ac",
    "price/unit": "(4,76 \u20ac / kg)\r\n        "
  },
  {
    "name": "Rosinad MINI DAY 200g",
    "price": "0,85 \u20ac",
    "price/unit": "(4,25 \u20ac / kg)\r\n        "
  },
  {
    "name": "Kuldsed rosinad MINI DAY 150g",
    "price": "0,85 \u20ac",
    "price/unit": "(5,67 \u20ac / kg)\r\n        "
  },
  {
    "name": "Kuivatud aprikoosid Premium GERMUND 300g",
    "price": "2,49 \u20ac",
    "price/unit": "(8,30 \u20ac / kg)\r\n        "
  },
  {
    "name": "Rosinad Jumbo Premium GERMUND 300g",
    "price": "1,79 \u20ac",
    "price/unit": "(5,97 \u20ac / kg)\r\n        "
  },
  {
    "name": "P\u00e4evalilleseemned r\u00f6stitud MOGYI 200g",
    "price": "0,99 \u20ac",
    "price/unit": "(4,95 \u20ac / kg)\r\n        "
  },
  {
    "name": "R\u00f6stitud p\u00e4evalilleseemned FISHKA 100g",
    "price": "0,77 \u20ac",
    "price/unit": "(7,70 \u20ac / kg)\r\n        "
  },
  {
    "name": "Salatisegu ARIMEX 150g",
    "price": "1,99 \u20ac",
    "price/unit": "(13,27 \u20ac / kg)\r\n        "
  },
  {
    "name": "R\u00f6stitud p\u00e4evalilleseemned POTEHA 80g",
    "price": "0,65 \u20ac",
    "price/unit": "(8,13 \u20ac / kg)\r\n        "
  },
  {
    "name": "P\u00e4evalilleseemned soolased BABKINY, 100g",
    "price": "0,83 \u20ac",
    "price/unit": "(8,30 \u20ac / kg)\r\n        "
  },
  {
    "name": "P\u00e4evalilleseemned soolased BABKINY, 300g",
    "price": "2,59 \u20ac",
    "price/unit": "(8,63 \u20ac / kg)\r\n        "
  },
  {
    "name": "P\u00e4evalilleseemned BABKINY, 100g",
    "price": "0,83 \u20ac",
    "price/unit": "(8,30 \u20ac / kg)\r\n        "
  },
  {
    "name": "R\u00f6stitud p\u00e4evalilleseemned BABKINY 300g",
    "price": "2,59 \u20ac",
    "price/unit": "(8,63 \u20ac / kg)\r\n        "
  },
  {
    "name": "R\u00f6st.p\u00e4evalilleseem.ZELJONYJ POPUGAI190g",
    "price": "1,59 \u20ac",
    "price/unit": "(8,37 \u20ac / kg)\r\n        "
  },
  {
    "name": "P\u00e4evalilleseemned kooritud MINI DAY 150g",
    "price": "0,69 \u20ac",
    "price/unit": "(4,60 \u20ac / kg)\r\n        "
  },
  {
    "name": "P\u00e4evalilleseemned Luxe GOLDEN GIFT 100g",
    "price": "0,99 \u20ac",
    "price/unit": "(9,90 \u20ac / kg)\r\n        "
  },
  {
    "name": "P\u00e4eval.seem. r\u00f6st.sool. GOLDEN GIFT100g",
    "price": "0,99 \u20ac",
    "price/unit": "(9,90 \u20ac / kg)\r\n        "
  },
  {
    "name": "T\u0161illi p\u00e4hklid TAFFEL 150g",
    "price": "1,19 \u20ac",
    "price/unit": "(7,93 \u20ac / kg)\r\n        "
  },
  {
    "name": "Salsa p\u00e4hklid TAFFEL 150g",
    "price": "1,19 \u20ac",
    "price/unit": "(7,93 \u20ac / kg)\r\n        "
  },
  {
    "name": "Maap\u00e4hklid r\u00f6stitud soolatud, kg",
    "price": "3,99 \u20ac",
    "price/unit": "(3,99 \u20ac / kg)\r\n        "
  },
  {
    "name": "Kooritud maap\u00e4hklid,kg",
    "price": "3,75 \u20ac",
    "price/unit": "(3,75 \u20ac / kg)\r\n        "
  },
  {
    "name": "R\u00f6stitud soolased pistaatsiap\u00e4hklid, kg",
    "price": "18,99 \u20ac",
    "price/unit": "(18,99 \u20ac / kg)\r\n        "
  },
  {
    "name": "P\u00e4hklid Blue Cheese TAFFEL 150g",
    "price": "1,19 \u20ac",
    "price/unit": "(7,93 \u20ac / kg)\r\n        "
  },
  {
    "name": "R\u00f6st.sool.pistaatsiap\u00e4hklid ARIMEX 300g",
    "price": "6,29 \u20ac",
    "price/unit": "(20,97 \u20ac / kg)\r\n        "
  },
  {
    "name": "Tudengieine ARIMEX 300g",
    "price": "2,99 \u20ac",
    "price/unit": "(9,97 \u20ac / kg)\r\n        "
  },
  {
    "name": "P\u00e4hklisegu Royal Mix ARIMEX 300g",
    "price": "4,99 \u20ac",
    "price/unit": "(16,63 \u20ac / kg)\r\n        "
  },
  {
    "name": "Seedrip\u00e4hklid ARIMEX 50g",
    "price": "2,79 \u20ac",
    "price/unit": "(55,80 \u20ac / kg)\r\n        "
  },
  {
    "name": "India p\u00e4hklid ARIMEX 100g",
    "price": "2,05 \u20ac",
    "price/unit": "(20,50 \u20ac / kg)\r\n        "
  },
  {
    "name": "R\u00f6stitud soolased mandlid ARIMEX  100g",
    "price": "2,05 \u20ac",
    "price/unit": "(20,50 \u20ac / kg)\r\n        "
  },
  {
    "name": "Mandel ARIMEX,100g",
    "price": "2,19 \u20ac",
    "price/unit": "(21,90 \u20ac / kg)\r\n        "
  },
  {
    "name": "Kreeka p\u00e4hklid ARIMEX 300g",
    "price": "4,29 \u20ac",
    "price/unit": "(14,30 \u20ac / kg)\r\n        "
  },
  {
    "name": "R\u00f6stitud soolased pistaatsiap.MOGYI,60g",
    "price": "1,49 \u20ac",
    "price/unit": "(24,83 \u20ac / kg)\r\n        "
  },
  {
    "name": "India p\u00e4hklid r\u00f6st.,soolatud MOGYI,70g",
    "price": "1,59 \u20ac",
    "price/unit": "(26,50 \u20ac / kg)\r\n        "
  },
  {
    "name": "India p\u00e4hklid ARIMEX, kg",
    "price": "13,79 \u20ac",
    "price/unit": "(13,79 \u20ac / kg)\r\n        "
  },
  {
    "name": "Kreeka p\u00e4hklid ARIMEX, kg",
    "price": "11,99 \u20ac",
    "price/unit": "(11,99 \u20ac / kg)\r\n        "
  },
  {
    "name": "Sarapuup\u00e4hklid ARIMEX, kg",
    "price": "10,99 \u20ac",
    "price/unit": "(10,99 \u20ac / kg)\r\n        "
  },
  {
    "name": "Segu Fitness ALISE 400g",
    "price": "3,75 \u20ac",
    "price/unit": "(9,38 \u20ac / kg)\r\n        "
  },
  {
    "name": "Arah.sul.juust.maits.katt.ZET ROCK'S190g",
    "price": "1,29 \u20ac",
    "price/unit": "(6,79 \u20ac / kg)\r\n        "
  },
  {
    "name": "Arah.sibulamaits.kattega ZET ROCK'S 190g",
    "price": "1,29 \u20ac",
    "price/unit": "(6,79 \u20ac / kg)\r\n        "
  },
  {
    "name": "Arah.paprikamaits.katt. ZET ROCK'S 190g",
    "price": "1,29 \u20ac",
    "price/unit": "(6,79 \u20ac / kg)\r\n        "
  },
  {
    "name": "R\u00f6st.maap\u00e4hkel karamellis P\u00c4HKLIN\u00c4PP",
    "price": "0,89 \u20ac",
    "price/unit": "(7,42 \u20ac / kg)\r\n        "
  },
  {
    "name": "R\u00f6st.mandel karamellis P\u00c4HKLIN\u00c4PP",
    "price": "2,19 \u20ac",
    "price/unit": "(18,25 \u20ac / kg)\r\n        "
  },
  {
    "name": "R\u00f6st.sarapuup\u00e4h.karamellisP\u00c4HKLIN\u00c4PP120g",
    "price": "2,03 \u20ac",
    "price/unit": "(16,92 \u20ac / kg)\r\n        "
  },
  {
    "name": "India p\u00e4hk.ja kuiv.j\u00f5hv.seguALIS CO 400g",
    "price": "4,49 \u20ac",
    "price/unit": "(11,23 \u20ac / kg)\r\n        "
  },
  {
    "name": "Kuiv.puuvil.p\u00e4hk.segu Royal ALISE 400g",
    "price": "5,99 \u20ac",
    "price/unit": "(14,98 \u20ac / kg)\r\n        "
  },
  {
    "name": "P\u00e4hklisegu SEEBERGER 150g",
    "price": "4,49 \u20ac",
    "price/unit": "(29,93 \u20ac / kg)\r\n        "
  },
  {
    "name": "Kooritud kreeka p\u00e4hklid MINI DAY 150g",
    "price": "2,39 \u20ac",
    "price/unit": "(15,93 \u20ac / kg)\r\n        "
  },
  {
    "name": "Maap\u00e4hklid MINI DAY 200g",
    "price": "0,59 \u20ac",
    "price/unit": "(2,95 \u20ac / kg)\r\n        "
  },
  {
    "name": "Kooritud Sarapuup\u00e4hklid MINI DAY 100g",
    "price": "1,19 \u20ac",
    "price/unit": "(11,90 \u20ac / kg)\r\n        "
  },
  {
    "name": "Seesamiseemned MINI DAY 150g",
    "price": "0,75 \u20ac",
    "price/unit": "(5,00 \u20ac / kg)\r\n        "
  },
  {
    "name": "Pistaatsia.r\u00f6st.soolatud MINI DAY 200g",
    "price": "3,59 \u20ac",
    "price/unit": "(17,95 \u20ac / kg)\r\n        "
  },
  {
    "name": "Mandel MINI DAY 100g",
    "price": "1,19 \u20ac",
    "price/unit": "(11,90 \u20ac / kg)\r\n        "
  },
  {
    "name": "India p\u00e4hkel MINI DAY 200g",
    "price": "3,19 \u20ac",
    "price/unit": "(15,95 \u20ac / kg)\r\n        "
  },
  {
    "name": "Kookoslaastud MINI DAY 100g",
    "price": "0,55 \u20ac",
    "price/unit": "(5,50 \u20ac / kg)\r\n        "
  },
  {
    "name": "Tudengieine MINI DAY 250g",
    "price": "1,59 \u20ac",
    "price/unit": "(6,36 \u20ac / kg)\r\n        "
  },
  {
    "name": "Maap\u00e4hklid juustu,t\u0161illi.ESTRELLA140g",
    "price": "1,69 \u20ac",
    "price/unit": "(12,07 \u20ac / kg)\r\n        "
  },
  {
    "name": "Maap\u00e4hklid sibulamaits. ESTRELLA 140g",
    "price": "1,69 \u20ac",
    "price/unit": "(12,07 \u20ac / kg)\r\n        "
  },
  {
    "name": "R\u00f6st.india p\u00e4hklid Premium GERMUND 300g",
    "price": "5,99 \u20ac",
    "price/unit": "(19,97 \u20ac / kg)\r\n        "
  },
  {
    "name": "R\u00f6st. sool. pistaat.p\u00e4hklid GERMUND 250g",
    "price": "6,99 \u20ac",
    "price/unit": "(27,96 \u20ac / kg)\r\n        "
  },
  {
    "name": "Kreeka p\u00e4hklid Premium GERMUND 200g",
    "price": "4,49 \u20ac",
    "price/unit": "(22,45 \u20ac / kg)\r\n        "
  },
  {
    "name": "Tudengi eine Premium GERMUND 300g",
    "price": "3,99 \u20ac",
    "price/unit": "(13,30 \u20ac / kg)\r\n        "
  },
  {
    "name": "Sajandi segu GERMUND 300g",
    "price": "5,49 \u20ac",
    "price/unit": "(18,30 \u20ac / kg)\r\n        "
  },
  {
    "name": "R\u00f6st. ja soolatud p\u00e4hklid GERMUND 200g",
    "price": "0,99 \u20ac",
    "price/unit": "(4,95 \u20ac / kg)\r\n        "
  },
  {
    "name": "R\u00f6st.ja sool. india p\u00e4hklid GERMUND 150g",
    "price": "2,99 \u20ac",
    "price/unit": "(19,93 \u20ac / kg)\r\n        "
  },
  {
    "name": "R\u00f6stetud ja soolatud mandlid GERMUND150g",
    "price": "2,59 \u20ac",
    "price/unit": "(17,27 \u20ac / kg)\r\n        "
  },
  {
    "name": "P\u00e4hk.puuv.segu Croq Plasir SEEBERGER150g",
    "price": "3,99 \u20ac",
    "price/unit": "(26,60 \u20ac / kg)\r\n        "
  },
  {
    "name": "\u0160okolaadibatoonike BOUNTY 228g, 4pk",
    "price": "1,19 \u20ac",
    "price/unit": "(5,22 \u20ac / kg)\r\n        "
  },
  {
    "name": "Kart.kr\u00f5psud juustumaits. LAY'S 220g",
    "price": "1,25 \u20ac",
    "price/unit": "(5,68 \u20ac / kg)\r\n        "
  },
  {
    "name": "Puuviljasegu SEEBERGER 200g",
    "price": "3,29 \u20ac",
    "price/unit": "(16,45 \u20ac / kg)\r\n        "
  },
  {
    "name": "Maap\u00e4hklid r\u00f6stitud soolatud, kg",
    "price": "3,99 \u20ac",
    "price/unit": "(3,99 \u20ac / kg)\r\n        "
  },
  {
    "name": "Batoonike Kaseke KALEV 150g",
    "price": "0,99 \u20ac",
    "price/unit": "(6,60 \u20ac / kg)\r\n        "
  },
  {
    "name": "Kartulikr\u00f5psud juustumaits.LAY`S 150g",
    "price": "0,99 \u20ac",
    "price/unit": "(6,60 \u20ac / kg)\r\n        "
  },
  {
    "name": "\u0160okolaadibatoonike King Size TUPLA 85g",
    "price": "0,99 \u20ac",
    "price/unit": "(11,65 \u20ac / kg)\r\n        "
  },
  {
    "name": "K\u00fc\u00fcslaugukaste Dippi TAFFEL 14g",
    "price": "0,63 \u20ac",
    "price/unit": "(45,00 \u20ac / kg)\r\n        "
  },
  {
    "name": "Kart.kr\u00f5psud hapukoorem. LAY'S 220g",
    "price": "1,25 \u20ac",
    "price/unit": "(5,68 \u20ac / kg)\r\n        "
  },
  {
    "name": "Popkorn karamellimaitseline ALIS CO 200g",
    "price": "1,49 \u20ac",
    "price/unit": "(7,45 \u20ac / kg)\r\n        "
  },
  {
    "name": "Kart.kr\u00f5ps. hapuk.-sibul. ESTRELLA 140g",
    "price": "1,59 \u20ac",
    "price/unit": "(11,36 \u20ac / kg)\r\n        "
  },
  {
    "name": "Salatisegu ARIMEX 150g",
    "price": "1,99 \u20ac",
    "price/unit": "(13,27 \u20ac / kg)\r\n        "
  },
  {
    "name": "P\u00e4evalilleseemnehalvaa ZIPP 250g",
    "price": "1,25 \u20ac",
    "price/unit": "(5,00 \u20ac / kg)\r\n        "
  },
  {
    "name": "Seedrip\u00e4hklid ARIMEX 50g",
    "price": "2,79 \u20ac",
    "price/unit": "(55,80 \u20ac / kg)\r\n        "
  },
  {
    "name": "\u0160okolaadikompvek Selection WITORS,kg",
    "price": "8,25 \u20ac",
    "price/unit": "(8,25 \u20ac / kg)\r\n        "
  },
  {
    "name": "Kartulikr\u00f5psud soolamaits. LAY'S 150g",
    "price": "0,99 \u20ac",
    "price/unit": "(6,60 \u20ac / kg)\r\n        "
  },
  {
    "name": "\u0160okolaadibatoonike SNICKERS 200g, 4pakk",
    "price": "1,19 \u20ac",
    "price/unit": "(5,95 \u20ac / kg)\r\n        "
  },
  {
    "name": "\u0160okolaadikreem MIO DELIZZI 400g",
    "price": "1,69 \u20ac",
    "price/unit": "(4,23 \u20ac / kg)\r\n        "
  },
  {
    "name": "Kart.kr\u00f5p.hapuk.-sibula mait.CRIPSY 150g",
    "price": "0,99 \u20ac",
    "price/unit": "(6,60 \u20ac / kg)\r\n        "
  },
  {
    "name": "Pistaatsia.r\u00f6st.soolatud MINI DAY 200g",
    "price": "3,59 \u20ac",
    "price/unit": "(17,95 \u20ac / kg)\r\n        "
  },
  {
    "name": "Tudengieine MINI DAY 250g",
    "price": "1,59 \u20ac",
    "price/unit": "(6,36 \u20ac / kg)\r\n        "
  },
  {
    "name": "Makaronid torukesed JAMIE OLIVER 500g",
    "price": "2,69 \u20ac",
    "price/unit": "(5,38 \u20ac / kg)\r\n        "
  },
  {
    "name": "Jahvatatud ingver SANTA MARIA, 20g",
    "price": "0,67 \u20ac",
    "price/unit": "(33,50 \u20ac / kg)\r\n        "
  },
  {
    "name": "Mahe kaste Taco SANTA MARIA 230g",
    "price": "2,55 \u20ac",
    "price/unit": "(11,09 \u20ac / kg)\r\n        "
  },
  {
    "name": "Odrahelbed HERKULESS 500g",
    "price": "1,09 \u20ac",
    "price/unit": "(2,18 \u20ac / kg)\r\n        "
  },
  {
    "name": "Pannkoogijahu VILMA 500g",
    "price": "0,89 \u20ac",
    "price/unit": "(1,78 \u20ac / kg)\r\n        "
  },
  {
    "name": "Kiirkaerahelbed NORDIC 500g",
    "price": "0,65 \u20ac",
    "price/unit": "(1,30 \u20ac / kg)\r\n        "
  },
  {
    "name": "P\u00f5ltsamaa sinep FELIX 65g",
    "price": "0,74 \u20ac",
    "price/unit": "(11,38 \u20ac / kg)\r\n        "
  },
  {
    "name": "Ekstra-neitsioliivi\u00f5li LA ESPANOLA 750ml",
    "price": "4,59 \u20ac",
    "price/unit": "(6,12 \u20ac / l)\r\n        "
  },
  {
    "name": "Makaronid kodune nuudel 3GLOCKEN 500g",
    "price": "1,99 \u20ac",
    "price/unit": "(3,98 \u20ac / kg)\r\n        "
  },
  {
    "name": "M\u00e4dar\u00f5igas MINU 180g",
    "price": "0,58 \u20ac",
    "price/unit": "(3,22 \u20ac / kg)\r\n        "
  },
  {
    "name": "Makaronid  Lumache DIVELLA  500g",
    "price": "0,69 \u20ac",
    "price/unit": "(1,38 \u20ac / kg)\r\n        "
  },
  {
    "name": "Vahemere \u00fcrdisegu SANTA MARIA 12g",
    "price": "0,67 \u20ac",
    "price/unit": "(55,83 \u20ac / kg)\r\n        "
  },
  {
    "name": "P\u00e4evalille\u00f5li Zolotaja Semetska 1L,r-ta",
    "price": "2,29 \u20ac",
    "price/unit": "(2,29 \u20ac / l)\r\n        "
  },
  {
    "name": "Muskaatp\u00e4hklid SANTA MARIA 10g",
    "price": "1,09 \u20ac",
    "price/unit": "(109,00 \u20ac / kg)\r\n        "
  },
  {
    "name": "Risoto riis VESKI MATI 500g",
    "price": "1,55 \u20ac",
    "price/unit": "(3,10 \u20ac / kg)\r\n        "
  },
  {
    "name": "Makaronid sarvekesed PASTA REGGIA 500g",
    "price": "0,99 \u20ac",
    "price/unit": "(1,98 \u20ac / kg)\r\n        "
  },
  {
    "name": "Tortilla SANTA MARIA 320g",
    "price": "1,59 \u20ac",
    "price/unit": "(4,97 \u20ac / kg)\r\n        "
  },
  {
    "name": "Makaronid Penne Tartu Mill 500g",
    "price": "0,59 \u20ac",
    "price/unit": "(1,18 \u20ac / kg)\r\n        "
  },
  {
    "name": "Barbecue kaste Classic HEINZ 480g",
    "price": "2,65 \u20ac",
    "price/unit": "(5,52 \u20ac / kg)\r\n        "
  },
  {
    "name": "Helbed seemn.ja kliid. VESKI MATI 500g",
    "price": "0,79 \u20ac",
    "price/unit": "(1,58 \u20ac / kg)\r\n        "
  },
  {
    "name": "Taco maitseainesegu SANTA MARIA 28g",
    "price": "0,85 \u20ac",
    "price/unit": "(30,36 \u20ac / kg)\r\n        "
  },
  {
    "name": "Kana hiina moodi, kg",
    "price": "6,99 \u20ac",
    "price/unit": "(6,99 \u20ac / kg)\r\n        "
  },
  {
    "name": "Sealihas\u00fclt, kg",
    "price": "5,99 \u20ac",
    "price/unit": "(5,99 \u20ac / kg)\r\n        "
  },
  {
    "name": "Seakarbonaad prantsuse moodi, kg",
    "price": "9,19 \u20ac",
    "price/unit": "(9,19 \u20ac / kg)\r\n        "
  },
  {
    "name": "Kodune kotlet MK, kg",
    "price": "7,39 \u20ac",
    "price/unit": "(7,39 \u20ac / kg)\r\n        "
  },
  {
    "name": "Maksapasteet, kg",
    "price": "5,59 \u20ac",
    "price/unit": "(5,59 \u20ac / kg)\r\n        "
  },
  {
    "name": "Kodune seljanka MAMMA, 300g",
    "price": "1,69 \u20ac",
    "price/unit": "(5,63 \u20ac / kg)\r\n        "
  },
  {
    "name": "Kanafilee kotlet MK, kg\u00a0\u00a0",
    "price": "7,99 \u20ac",
    "price/unit": "(7,99 \u20ac / kg)\r\n        "
  },
  {
    "name": "Maksakaste, kg",
    "price": "4,39 \u20ac",
    "price/unit": "(4,39 \u20ac / kg)\r\n        "
  },
  {
    "name": "Seakamarakr\u00f5psud, kg",
    "price": "9,99 \u20ac",
    "price/unit": "(9,99 \u20ac / kg)\r\n        "
  },
  {
    "name": "Kiievi kotlet MK, kg",
    "price": "10,99 \u20ac",
    "price/unit": "(10,99 \u20ac / kg)\r\n        "
  },
  {
    "name": "Tseburekid praetud lambalihaga,250g",
    "price": "1,95 \u20ac",
    "price/unit": "(7,80 \u20ac / kg)\r\n        "
  },
  {
    "name": "Tseburekid klassikalised praetud,250g",
    "price": "1,95 \u20ac",
    "price/unit": "(7,80 \u20ac / kg)\r\n        "
  },
  {
    "name": "Kartulikotlet lihat\u00e4idisega, kg",
    "price": "6,35 \u20ac",
    "price/unit": "(6,35 \u20ac / kg)\r\n        "
  },
  {
    "name": "Kanahakksnitsel juustukattega, kg",
    "price": "8,99 \u20ac",
    "price/unit": "(8,99 \u20ac / kg)\r\n        "
  },
  {
    "name": "Kanatasku seentega,kg",
    "price": "9,99 \u20ac",
    "price/unit": "(9,99 \u20ac / kg)\r\n        "
  },
  {
    "name": "Praetud heigifilee MK, kg",
    "price": "10,99 \u20ac",
    "price/unit": "(10,99 \u20ac / kg)\r\n        "
  },
  {
    "name": "Kalakotletid, kg",
    "price": "10,29 \u20ac",
    "price/unit": "(10,29 \u20ac / kg)\r\n        "
  },
  {
    "name": "Krabilihamaitseline kotlet, kg",
    "price": "7,99 \u20ac",
    "price/unit": "(7,99 \u20ac / kg)\r\n        "
  },
  {
    "name": "Sefiir vahvlipuistes LAIMA 200g",
    "price": "1,19 \u20ac",
    "price/unit": "(5,95 \u20ac / kg)\r\n        "
  },
  {
    "name": "Sefiir vaniljemaitseline LAIMA 200g",
    "price": "1,19 \u20ac",
    "price/unit": "(5,95 \u20ac / kg)\r\n        "
  },
  {
    "name": "Sefiir vaniljem.,\u0161okolaadis LAIMA 200g",
    "price": "1,45 \u20ac",
    "price/unit": "(7,25 \u20ac / kg)\r\n        "
  },
  {
    "name": "Sefiir mustika maitsega LAIMA 200g",
    "price": "1,19 \u20ac",
    "price/unit": "(5,95 \u20ac / kg)\r\n        "
  },
  {
    "name": "Sefiir vaniljemaitseline MIODELIZZI 200g",
    "price": "0,89 \u20ac",
    "price/unit": "(4,45 \u20ac / kg)\r\n        "
  },
  {
    "name": "Sefiir vaniljem.\u0161okolaadisMIODELIZZI200g",
    "price": "0,99 \u20ac",
    "price/unit": "(4,95 \u20ac / kg)\r\n        "
  },
  {
    "name": "Sefiir j\u00f5hvikamaitseline LAIMA 200g",
    "price": "1,19 \u20ac",
    "price/unit": "(5,95 \u20ac / kg)\r\n        "
  },
  {
    "name": "Banaanimaits.sefiir \u0161ok.MaigumsLAIMA200g",
    "price": "1,49 \u20ac",
    "price/unit": "(7,45 \u20ac / kg)\r\n        "
  },
  {
    "name": "Vahukommid BBQ&Mallows 250g",
    "price": "1,79 \u20ac",
    "price/unit": "(7,16 \u20ac / kg)\r\n        "
  },
  {
    "name": "Vahukom.Marshmallows BBQ VAN DAMME 300g",
    "price": "2,19 \u20ac",
    "price/unit": "(7,30 \u20ac / kg)\r\n        "
  },
  {
    "name": "Salat Kasukas MK, kg",
    "price": "5,49 \u20ac",
    "price/unit": "(5,49 \u20ac / kg)\r\n        "
  },
  {
    "name": "Kanalihasalat, kg",
    "price": "6,29 \u20ac",
    "price/unit": "(6,29 \u20ac / kg)\r\n        "
  },
  {
    "name": "Peedisalat k\u00fc\u00fcslauguga MK, kg",
    "price": "3,19 \u20ac",
    "price/unit": "(3,19 \u20ac / kg)\r\n        "
  },
  {
    "name": "Salat Mimoos, kg",
    "price": "4,89 \u20ac",
    "price/unit": "(4,89 \u20ac / kg)\r\n        "
  },
  {
    "name": "Tuunikalasalat kunstmeremarjaga, kg",
    "price": "7,29 \u20ac",
    "price/unit": "(7,29 \u20ac / kg)\r\n        "
  },
  {
    "name": "Lava\u0161\u0161 soolal\u00f5hega, kg",
    "price": "11,99 \u20ac",
    "price/unit": "(11,99 \u20ac / kg)\r\n        "
  },
  {
    "name": "Pannkook singi ja juustuga MAMMA, 200g",
    "price": "1,45 \u20ac",
    "price/unit": "(7,25 \u20ac / kg)\r\n        "
  },
  {
    "name": "Pannkook hakklihat\u00e4idisega MAMMA, 200g",
    "price": "1,36 \u20ac",
    "price/unit": "(6,80 \u20ac / kg)\r\n        "
  },
  {
    "name": "Pannkook maasikamoosiga MAMMA, 200g",
    "price": "1,45 \u20ac",
    "price/unit": "(7,25 \u20ac / kg)\r\n        "
  },
  {
    "name": "Lava\u0161\u0161 Kevadine, kg",
    "price": "7,95 \u20ac",
    "price/unit": "(7,95 \u20ac / kg)\r\n        "
  },
  {
    "name": "V\u00f5ileib kanalihaga MK, 160g",
    "price": "1,45 \u20ac",
    "price/unit": "(9,06 \u20ac / kg)\r\n        "
  },
  {
    "name": "Lava\u0161\u0161 singi ja juustuga, kg",
    "price": "6,49 \u20ac",
    "price/unit": "(6,49 \u20ac / kg)\r\n        "
  },
  {
    "name": "K\u00fcpsis Domino Original FAZER 175g",
    "price": "1,59 \u20ac",
    "price/unit": "(9,09 \u20ac / kg)\r\n        "
  },
  {
    "name": "Mini-rullbiskviit maasikat\u00e4id.KOVIS 175g",
    "price": "0,95 \u20ac",
    "price/unit": "(5,43 \u20ac / kg)\r\n        "
  },
  {
    "name": "Mini-rullbiskv. aprikoosit\u00e4id.KOVIS 175g",
    "price": "0,95 \u20ac",
    "price/unit": "(5,43 \u20ac / kg)\r\n        "
  },
  {
    "name": "K\u00fcpsis Domino Original FAZER 350g",
    "price": "2,89 \u20ac",
    "price/unit": "(8,26 \u20ac / kg)\r\n        "
  },
  {
    "name": "Mini-rullbiskv.metsamarjat\u00e4id.KOVIS 175g",
    "price": "0,95 \u20ac",
    "price/unit": "(5,43 \u20ac / kg)\r\n        "
  },
  {
    "name": "Sarvesai kakaokreemiga 7DAYS 60g",
    "price": "0,35 \u20ac",
    "price/unit": "(5,83 \u20ac / kg)\r\n        "
  },
  {
    "name": "K\u00fclapr\u00e4\u00e4nikud ADUGS, 250g",
    "price": "0,35 \u20ac",
    "price/unit": "(1,40 \u20ac / kg)\r\n        "
  },
  {
    "name": "Kaerak\u00fcpsis Kaera-Ants MARMITON 400g",
    "price": "1,89 \u20ac",
    "price/unit": "(4,73 \u20ac / kg)\r\n        "
  },
  {
    "name": "Kringlid HAMLET 300g",
    "price": "1,49 \u20ac",
    "price/unit": "(4,97 \u20ac / kg)\r\n        "
  },
  {
    "name": "K\u00fcpsis OPTIMA LINIJA 155g",
    "price": "0,45 \u20ac",
    "price/unit": "(2,90 \u20ac / kg)\r\n        "
  },
  {
    "name": "Kaerak\u00fcpsis glasuuriga MARMITON 300g",
    "price": "1,39 \u20ac",
    "price/unit": "(4,63 \u20ac / kg)\r\n        "
  },
  {
    "name": "Kirsik\u00fcpsised MAIASMOKK 130g",
    "price": "0,99 \u20ac",
    "price/unit": "(7,62 \u20ac / kg)\r\n        "
  },
  {
    "name": "Vaniljek\u00fcpsis  SELGA 180g",
    "price": "0,59 \u20ac",
    "price/unit": "(3,28 \u20ac / kg)\r\n        "
  },
  {
    "name": "Kondenspiimamait. k\u00fcpsised SELGA, 180g",
    "price": "0,59 \u20ac",
    "price/unit": "(3,28 \u20ac / kg)\r\n        "
  },
  {
    "name": "\u0160okolaadimaitselised k\u00fcpsised SELGA 180g",
    "price": "0,59 \u20ac",
    "price/unit": "(3,28 \u20ac / kg)\r\n        "
  },
  {
    "name": "K\u00fcpsis Ekstra KALEV 180g",
    "price": "0,45 \u20ac",
    "price/unit": "(2,50 \u20ac / kg)\r\n        "
  },
  {
    "name": "Rosinak\u00fcpsis Tallinn MARMITON 350g",
    "price": "1,69 \u20ac",
    "price/unit": "(4,83 \u20ac / kg)\r\n        "
  },
  {
    "name": "P\u00e4hklipr\u00e4\u00e4nik Keeleke JDS 250g",
    "price": "0,79 \u20ac",
    "price/unit": "(3,16 \u20ac / kg)\r\n        "
  },
  {
    "name": "Pr\u00e4\u00e4nik \u0161okolaadi V\u00c4IKE V\u00c4\u00c4NIK 250g",
    "price": "0,75 \u20ac",
    "price/unit": "(3,00 \u20ac / kg)\r\n        "
  },
  {
    "name": "Pr\u00e4\u00e4nik Piparm\u00fcndimait.V\u00c4IKE V\u00c4\u00c4NIK 250g",
    "price": "0,69 \u20ac",
    "price/unit": "(2,76 \u20ac / kg)\r\n        "
  },
  {
    "name": "Moonikeeleke ELTRUM 400g",
    "price": "1,59 \u20ac",
    "price/unit": "(3,98 \u20ac / kg)\r\n        "
  },
  {
    "name": "Magus k\u00fcpsis Karapuz VIKSTAL 400g",
    "price": "1,35 \u20ac",
    "price/unit": "(3,38 \u20ac / kg)\r\n        "
  },
  {
    "name": "K\u00fcpsised Maria GULLON 200g",
    "price": "0,69 \u20ac",
    "price/unit": "(3,45 \u20ac / kg)\r\n        "
  },
  {
    "name": "K\u00fcpsis Vecriga rosina ADUGS, kg",
    "price": "2,64 \u20ac",
    "price/unit": "(2,64 \u20ac / kg)\r\n        "
  },
  {
    "name": "Vaarikak\u00fcpsised MAIASMOKK 130g",
    "price": "0,99 \u20ac",
    "price/unit": "(7,62 \u20ac / kg)\r\n        "
  },
  {
    "name": "Maasikak\u00fcpsised MAIASMOKK 130g",
    "price": "0,99 \u20ac",
    "price/unit": "(7,62 \u20ac / kg)\r\n        "
  },
  {
    "name": "Biskviitk\u00fcpsis \u0161ok.t\u00e4idis.Barni LU 30g",
    "price": "0,39 \u20ac",
    "price/unit": "(13,00 \u20ac / kg)\r\n        "
  },
  {
    "name": "Biskviitk\u00fcpsis \u0161ok.t\u00e4idis.Barni LU 150g",
    "price": "1,65 \u20ac",
    "price/unit": "(11,00 \u20ac / kg)\r\n        "
  },
  {
    "name": "Pr\u00e4\u00e4nikud kirsimait.t\u00e4idisega ADUGS 250g",
    "price": "0,75 \u20ac",
    "price/unit": "(3,00 \u20ac / kg)\r\n        "
  },
  {
    "name": "Pr\u00e4\u00e4nikud j\u00f5hvikat\u00e4idisega ADUGS 250g",
    "price": "0,75 \u20ac",
    "price/unit": "(3,00 \u20ac / kg)\r\n        "
  },
  {
    "name": "Kaerak\u00fcpsis ADUGS,kg\u00a0\u00a0\u00a0\u00a0\u00a0\u00a0\u00a0\u00a0\u00a0\u00a0\u00a0\u00a0\u00a0",
    "price": "2,39 \u20ac",
    "price/unit": "(2,39 \u20ac / kg)\r\n        "
  },
  {
    "name": "Biskviitk\u00fcpsis piimat\u00e4idis.Barni LU 30g",
    "price": "0,39 \u20ac",
    "price/unit": "(13,00 \u20ac / kg)\r\n        "
  },
  {
    "name": "Biskviitk\u00fcpsis piimat\u00e4idis.Barni LU 150g",
    "price": "1,65 \u20ac",
    "price/unit": "(11,00 \u20ac / kg)\r\n        "
  },
  {
    "name": "K\u00fcpsised rosin. mooni Vecriga ADUGS 400g",
    "price": "1,19 \u20ac",
    "price/unit": "(2,98 \u20ac / kg)\r\n        "
  },
  {
    "name": "Kakaok\u00fcpsised tr\u00fchvlimait.DorisFAZER250g",
    "price": "3,05 \u20ac",
    "price/unit": "(12,20 \u20ac / kg)\r\n        "
  },
  {
    "name": "Kakaok\u00fcpsised vaniljet\u00e4idisega OREO 176g",
    "price": "1,49 \u20ac",
    "price/unit": "(8,47 \u20ac / kg)\r\n        "
  },
  {
    "name": "Pr\u00e4\u00e4nik Tuula kondenspiima t\u00e4idis.140g",
    "price": "0,59 \u20ac",
    "price/unit": "(4,21 \u20ac / kg)\r\n        "
  },
  {
    "name": "Pr\u00e4\u00e4nik Tuula puuvilja t\u00e4idisega 140g",
    "price": "0,39 \u20ac",
    "price/unit": "(2,79 \u20ac / kg)\r\n        "
  },
  {
    "name": "K\u00fcpsised Choco Minis MILKA 4x37g",
    "price": "1,39 \u20ac",
    "price/unit": "(9,27 \u20ac / kg)\r\n        "
  },
  {
    "name": "K\u00fcpsised p\u00e4hklite ja meega BELVITA 6x50g",
    "price": "2,29 \u20ac",
    "price/unit": "(7,63 \u20ac / kg)\r\n        "
  },
  {
    "name": "Kakaok\u00fcpsised \u0161okolaadit\u00fckk.BELVITA6x50g",
    "price": "2,29 \u20ac",
    "price/unit": "(7,63 \u20ac / kg)\r\n        "
  },
  {
    "name": "K\u00fcpsised Choco Jaffa vaarika MILKA 147g",
    "price": "1,35 \u20ac",
    "price/unit": "(9,18 \u20ac / kg)\r\n        "
  },
  {
    "name": "K\u00fcpsised Choco Jaffa apelsini MILKA 147g",
    "price": "1,35 \u20ac",
    "price/unit": "(9,18 \u20ac / kg)\r\n        "
  },
  {
    "name": "\u0160okolaadik\u00fcpsised MAXIMA FAVORIT,160g",
    "price": "0,48 \u20ac",
    "price/unit": "(3,00 \u20ac / kg)\r\n        "
  },
  {
    "name": "Kondenspiimamaits. k\u00fcpsised FAVORIT 160g",
    "price": "0,49 \u20ac",
    "price/unit": "(3,06 \u20ac / kg)\r\n        "
  },
  {
    "name": "Iiri kreemi maits.k\u00fcpsised FAVORIT 160g",
    "price": "0,49 \u20ac",
    "price/unit": "(3,06 \u20ac / kg)\r\n        "
  },
  {
    "name": "Aprikoosit\u00e4idisega pr\u00e4\u00e4nikud ADUGS, kg",
    "price": "2,49 \u20ac",
    "price/unit": "(2,49 \u20ac / kg)\r\n        "
  },
  {
    "name": "Minimuffin BALTIX, 150g",
    "price": "0,89 \u20ac",
    "price/unit": "(5,93 \u20ac / kg)\r\n        "
  },
  {
    "name": "Sarvesai kakao-vaniljemaits. 7DAYS, 60g",
    "price": "0,35 \u20ac",
    "price/unit": "(5,83 \u20ac / kg)\r\n        "
  },
  {
    "name": "Sarvesai vanilje-murelimaits. 7DAYS, 60g",
    "price": "0,35 \u20ac",
    "price/unit": "(5,83 \u20ac / kg)\r\n        "
  },
  {
    "name": "Vinegrett MK, kg",
    "price": "3,69 \u20ac",
    "price/unit": "(3,69 \u20ac / kg)\r\n        "
  },
  {
    "name": "Veiselihasalat MK, kg",
    "price": "6,99 \u20ac",
    "price/unit": "(6,99 \u20ac / kg)\r\n        "
  },
  {
    "name": "K\u00f6\u00f6giviljasalat majoneesiga MK, kg",
    "price": "5,49 \u20ac",
    "price/unit": "(5,49 \u20ac / kg)\r\n        "
  },
  {
    "name": "Krabilihasalat, kg",
    "price": "5,85 \u20ac",
    "price/unit": "(5,85 \u20ac / kg)\r\n        "
  },
  {
    "name": "V\u00e4rskekapsasalat MK, kg",
    "price": "2,69 \u20ac",
    "price/unit": "(2,69 \u20ac / kg)\r\n        "
  },
  {
    "name": "Salat Kasukas MK, kg",
    "price": "5,49 \u20ac",
    "price/unit": "(5,49 \u20ac / kg)\r\n        "
  },
  {
    "name": "Kartulisalat Saksa, kg",
    "price": "4,99 \u20ac",
    "price/unit": "(4,99 \u20ac / kg)\r\n        "
  },
  {
    "name": "Bakla\u017eaanisalat maitserohelisega, kg",
    "price": "8,59 \u20ac",
    "price/unit": "(8,59 \u20ac / kg)\r\n        "
  },
  {
    "name": "Kanalihasalat, kg",
    "price": "6,29 \u20ac",
    "price/unit": "(6,29 \u20ac / kg)\r\n        "
  },
  {
    "name": "Oa-suitsukanasalat MK, kg",
    "price": "6,99 \u20ac",
    "price/unit": "(6,99 \u20ac / kg)\r\n        "
  },
  {
    "name": "Heeringas sibula ja \u0161ampin. MK, kg",
    "price": "8,25 \u20ac",
    "price/unit": "(8,25 \u20ac / kg)\r\n        "
  },
  {
    "name": "Rosolje MK, kg",
    "price": "5,29 \u20ac",
    "price/unit": "(5,29 \u20ac / kg)\r\n        "
  },
  {
    "name": "Peedisalat k\u00fc\u00fcslauguga MK, kg",
    "price": "3,19 \u20ac",
    "price/unit": "(3,19 \u20ac / kg)\r\n        "
  },
  {
    "name": "Marineeritud heeringas sibulaga, kg",
    "price": "5,69 \u20ac",
    "price/unit": "(5,69 \u20ac / kg)\r\n        "
  },
  {
    "name": "Lihtne kartulisalat, kg",
    "price": "3,14 \u20ac",
    "price/unit": "(3,14 \u20ac / kg)\r\n        "
  },
  {
    "name": "Riisisalat makraga, kg",
    "price": "5,49 \u20ac",
    "price/unit": "(5,49 \u20ac / kg)\r\n        "
  },
  {
    "name": "Kartuli-vorstisalat MK, kg",
    "price": "4,69 \u20ac",
    "price/unit": "(4,69 \u20ac / kg)\r\n        "
  },
  {
    "name": "Caesari salat MK, kg",
    "price": "9,35 \u20ac",
    "price/unit": "(9,35 \u20ac / kg)\r\n        "
  },
  {
    "name": "Juustu-puuviljasalat, kg",
    "price": "5,99 \u20ac",
    "price/unit": "(5,99 \u20ac / kg)\r\n        "
  },
  {
    "name": "Tursamaksasalat, kg",
    "price": "6,85 \u20ac",
    "price/unit": "(6,85 \u20ac / kg)\r\n        "
  },
  {
    "name": "Merikapsasalat porgandiga, kg",
    "price": "2,99 \u20ac",
    "price/unit": "(2,99 \u20ac / kg)\r\n        "
  },
  {
    "name": "Caesari salat kana\u00a0ja\u00a0peekoniga,kg",
    "price": "10,75 \u20ac",
    "price/unit": "(10,75 \u20ac / kg)\r\n        "
  },
  {
    "name": "Salat Mimoos, kg",
    "price": "4,89 \u20ac",
    "price/unit": "(4,89 \u20ac / kg)\r\n        "
  },
  {
    "name": "Kreekap\u00e4rane v\u00e4rske salat, kg",
    "price": "7,89 \u20ac",
    "price/unit": "(7,89 \u20ac / kg)\r\n        "
  },
  {
    "name": "Tuunikalasalat kunstmeremarjaga, kg",
    "price": "7,29 \u20ac",
    "price/unit": "(7,29 \u20ac / kg)\r\n        "
  },
  {
    "name": "Sushi salat MK, kg",
    "price": "7,59 \u20ac",
    "price/unit": "(7,59 \u20ac / kg)\r\n        "
  },
  {
    "name": "Kartuli-vorstisalat MK, midi, kg",
    "price": "4,69 \u20ac",
    "price/unit": "(4,69 \u20ac / kg)\r\n        "
  },
  {
    "name": "Kurgisalat suitsukanaga MK, kg",
    "price": "6,35 \u20ac",
    "price/unit": "(6,35 \u20ac / kg)\r\n        "
  },
  {
    "name": "Vahvlirullid piima\u0161okolaad. BAHLSEN 100g",
    "price": "1,69 \u20ac",
    "price/unit": "(16,90 \u20ac / kg)\r\n        "
  },
  {
    "name": "\u0160okolaadivahvel Kismet FAZER 55g",
    "price": "0,75 \u20ac",
    "price/unit": "(13,64 \u20ac / kg)\r\n        "
  },
  {
    "name": "Batoonike Suffeli FAZER 21g",
    "price": "0,32 \u20ac",
    "price/unit": "(15,24 \u20ac / kg)\r\n        "
  },
  {
    "name": "Vahvel piima-p\u00e4hklit.STORCK Knoppers 25g",
    "price": "0,35 \u20ac",
    "price/unit": "(14,00 \u20ac / kg)\r\n        "
  },
  {
    "name": "Vahvel karamellit\u00e4idis. Tofinek TAGO 40g",
    "price": "0,29 \u20ac",
    "price/unit": "(7,25 \u20ac / kg)\r\n        "
  },
  {
    "name": "Vahvlitort Kafijas ADUGS, 320g",
    "price": "1,25 \u20ac",
    "price/unit": "(3,91 \u20ac / kg)\r\n        "
  },
  {
    "name": "Vahvlitort p\u00e4hklitega Mersi ADUGS 320g",
    "price": "1,29 \u20ac",
    "price/unit": "(4,03 \u20ac / kg)\r\n        "
  },
  {
    "name": "Vahvlid  Bakker Joop   315g",
    "price": "1,79 \u20ac",
    "price/unit": "(5,68 \u20ac / kg)\r\n        "
  },
  {
    "name": "Vahvel ahjupiimamaitseline VIKSTAL 275g",
    "price": "0,85 \u20ac",
    "price/unit": "(3,09 \u20ac / kg)\r\n        "
  },
  {
    "name": "Vahv. \u0161ok.glas.KitKatChunky NESTLE, 40g",
    "price": "0,49 \u20ac",
    "price/unit": "(12,25 \u20ac / kg)\r\n        "
  },
  {
    "name": "Vahvel kakaot\u00e4idisega Madara ADUGS 185g",
    "price": "0,75 \u20ac",
    "price/unit": "(4,05 \u20ac / kg)\r\n        "
  },
  {
    "name": "Vahvlitoruk.vanilje glasuur.BISCUTTO160g",
    "price": "1,15 \u20ac",
    "price/unit": "(7,19 \u20ac / kg)\r\n        "
  },
  {
    "name": "\u0160okol.vahvel Kismet Marianne FAZER 55g",
    "price": "0,75 \u20ac",
    "price/unit": "(13,64 \u20ac / kg)\r\n        "
  },
  {
    "name": "Vahv.p\u00e4hklit\u00e4id.KitKatChunky NESTLE, 42g",
    "price": "0,49 \u20ac",
    "price/unit": "(11,67 \u20ac / kg)\r\n        "
  },
  {
    "name": "\u0160ok.maits.kreem.vahv.Mesik\u00e4pp KALEV 250g",
    "price": "1,99 \u20ac",
    "price/unit": "(7,96 \u20ac / kg)\r\n        "
  },
  {
    "name": "Vanillimait.kreem.vahv.Mesik\u00e4ppKALEV250g",
    "price": "1,99 \u20ac",
    "price/unit": "(7,96 \u20ac / kg)\r\n        "
  },
  {
    "name": "Vahvlid kakaokreemit\u00e4id.WafersABELIA180g",
    "price": "0,65 \u20ac",
    "price/unit": "(3,61 \u20ac / kg)\r\n        "
  },
  {
    "name": "Vahvlid piimakreemit\u00e4id.WafersABELIA180g",
    "price": "0,65 \u20ac",
    "price/unit": "(3,61 \u20ac / kg)\r\n        "
  },
  {
    "name": "Vahvlid p\u00e4hk.kreemit\u00e4id.WafersABELIA180g",
    "price": "0,65 \u20ac",
    "price/unit": "(3,61 \u20ac / kg)\r\n        "
  },
  {
    "name": "Vahvel Magic 4 kakaomaits. \u0161oko., 45g",
    "price": "0,39 \u20ac",
    "price/unit": "(8,67 \u20ac / kg)\r\n        "
  },
  {
    "name": "Vahvlibatoon.kookoskreem. ZET ROCK'S 50g",
    "price": "0,35 \u20ac",
    "price/unit": "(7,00 \u20ac / kg)\r\n        "
  },
  {
    "name": "Vahvlitorukesed vanil.kreemiga TAGO 160g",
    "price": "1,69 \u20ac",
    "price/unit": "(10,56 \u20ac / kg)\r\n        "
  },
  {
    "name": "Vahvlid karamellikreemiga, kg",
    "price": "3,99 \u20ac",
    "price/unit": "(3,99 \u20ac / kg)\r\n        "
  },
  {
    "name": "Vahvlipulgad \u0161okol. KitKat NESTLE, 41.5g",
    "price": "0,49 \u20ac",
    "price/unit": "(11,81 \u20ac / kg)\r\n        "
  },
  {
    "name": "Pehme vahvel KUCHENMEISTER 165g",
    "price": "1,15 \u20ac",
    "price/unit": "(6,97 \u20ac / kg)\r\n        "
  },
  {
    "name": "Karamellimaits. Sn\u00e4ks Mesik\u00e4ppKALEV 175g",
    "price": "1,99 \u20ac",
    "price/unit": "(11,37 \u20ac / kg)\r\n        "
  },
  {
    "name": "\u0160okolaadivahvel Kismet Omar FAZER 55g",
    "price": "0,75 \u20ac",
    "price/unit": "(13,64 \u20ac / kg)\r\n        "
  },
  {
    "name": "Vahvlitort pur.maap\u00e4hklitega Tallinn320g",
    "price": "1,79 \u20ac",
    "price/unit": "(5,59 \u20ac / kg)\r\n        "
  },
  {
    "name": "Vahvlitort kohvimaitseline Tallinn 320g",
    "price": "1,79 \u20ac",
    "price/unit": "(5,59 \u20ac / kg)\r\n        "
  },
  {
    "name": "Koorekeeks BALTIX 300g",
    "price": "1,59 \u20ac",
    "price/unit": "(5,30 \u20ac / kg)\r\n        "
  },
  {
    "name": "Muffin maasikat\u00e4idisega BALTIX 180g",
    "price": "1,09 \u20ac",
    "price/unit": "(6,06 \u20ac / kg)\r\n        "
  },
  {
    "name": "Muffin \u0161okolaadit\u00e4idisega BALTIX 180g",
    "price": "1,09 \u20ac",
    "price/unit": "(6,06 \u20ac / kg)\r\n        "
  },
  {
    "name": "Viineripirukas EESTI PAGAR, 60g",
    "price": "0,46 \u20ac",
    "price/unit": "(7,67 \u20ac / kg)\r\n        "
  },
  {
    "name": "Kaneelirull EESTI PAGAR 63g",
    "price": "0,35 \u20ac",
    "price/unit": "(5,56 \u20ac / kg)\r\n        "
  },
  {
    "name": "Vanilje-rosinar\u00f5ngas EESTI PAGAR 100g",
    "price": "0,60 \u20ac",
    "price/unit": "(6,00 \u20ac / kg)\r\n        "
  },
  {
    "name": "Nisukukkel EESTI PAGAR 35g",
    "price": "0,12 \u20ac",
    "price/unit": "(3,43 \u20ac / kg)\r\n        "
  },
  {
    "name": "Mitmeviljakukkel EESTI PAGAR 35g",
    "price": "0,12 \u20ac",
    "price/unit": "(3,43 \u20ac / kg)\r\n        "
  },
  {
    "name": "Viineripirukas sinep-kurgit\u00e4idis EP 160g",
    "price": "1,23 \u20ac",
    "price/unit": "(7,69 \u20ac / kg)\r\n        "
  },
  {
    "name": "Kohupiimasaiake EESTI PAGAR,70g",
    "price": "0,48 \u20ac",
    "price/unit": "(6,86 \u20ac / kg)\r\n        "
  },
  {
    "name": "Porgandipirukas EESTI PAGAR, 60g",
    "price": "0,41 \u20ac",
    "price/unit": "(6,83 \u20ac / kg)\r\n        "
  },
  {
    "name": "V\u00f5iroos EESTI PAGAR, 50g",
    "price": "0,30 \u20ac",
    "price/unit": "(6,00 \u20ac / kg)\r\n        "
  },
  {
    "name": "Dallase saiake EESTI PAGAR, 90g",
    "price": "0,58 \u20ac",
    "price/unit": "(6,44 \u20ac / kg)\r\n        "
  },
  {
    "name": "Suitsukanapirukas murulauguga EP 81g",
    "price": "0,63 \u20ac",
    "price/unit": "(7,78 \u20ac / kg)\r\n        "
  },
  {
    "name": "Singi-juustupirukas p\u00e4rmitaignast EP,70g",
    "price": "0,42 \u20ac",
    "price/unit": "(6,00 \u20ac / kg)\r\n        "
  },
  {
    "name": "Sokolaadi-banaani unistus EP, 105g",
    "price": "1,07 \u20ac",
    "price/unit": "(9,73 \u20ac / kg)\r\n        "
  },
  {
    "name": "Sokol. s\u00f5\u00f5rik EESTI PAGAR sulatatud 77g",
    "price": "0,79 \u20ac",
    "price/unit": "(10,26 \u20ac / kg)\r\n        "
  },
  {
    "name": "Kohup.pallike EESTI PAGAR sulatatud 28g",
    "price": "0,34 \u20ac",
    "price/unit": "(12,14 \u20ac / kg)\r\n        "
  },
  {
    "name": "Singipitsa EESTI PAGAR, 116g",
    "price": "1,25 \u20ac",
    "price/unit": "(10,78 \u20ac / kg)\r\n        "
  },
  {
    "name": "Martsipani-pohlastritsel EP, 325g",
    "price": "1,99 \u20ac",
    "price/unit": "(6,12 \u20ac / kg)\r\n        "
  },
  {
    "name": "Singi-juustustritsel EP, 325g",
    "price": "2,39 \u20ac",
    "price/unit": "(7,35 \u20ac / kg)\r\n        "
  },
  {
    "name": "\u00d5una-pohlasaiake EESTI PAGAR, 60g",
    "price": "0,46 \u20ac",
    "price/unit": "(7,67 \u20ac / kg)\r\n        "
  },
  {
    "name": "Musts\u00f5strapalmik EESTI PAGAR, 83g",
    "price": "0,48 \u20ac",
    "price/unit": "(5,78 \u20ac / kg)\r\n        "
  },
  {
    "name": "Spinati-fetajuustu struud. EP,115g",
    "price": "1,13 \u20ac",
    "price/unit": "(9,83 \u20ac / kg)\r\n        "
  },
  {
    "name": "Croissant Eesti Pagar, 74g",
    "price": "0,52 \u20ac",
    "price/unit": "(7,03 \u20ac / kg)\r\n        "
  },
  {
    "name": "Juusturull Eesti Pagar, 115g",
    "price": "0,89 \u20ac",
    "price/unit": "(7,74 \u20ac / kg)\r\n        "
  },
  {
    "name": "S\u00f5\u00f5rik karamellit\u00e4idis. SULAT. EP, 66g",
    "price": "1,02 \u20ac",
    "price/unit": "(15,45 \u20ac / kg)\r\n        "
  },
  {
    "name": "Mini vaarikasaiake Eesti Pagar, 35g",
    "price": "0,26 \u20ac",
    "price/unit": "(7,43 \u20ac / kg)\r\n        "
  },
  {
    "name": "Gruusia rahvusleib Shoti 330g",
    "price": "0,65 \u20ac",
    "price/unit": "(1,97 \u20ac / kg)\r\n        "
  },
  {
    "name": "Seemneleib Jassi  EESTI PAGAR 310g",
    "price": "0,68 \u20ac",
    "price/unit": "(2,19 \u20ac / kg)\r\n        "
  },
  {
    "name": "Sepik \u00d5nne EESTI PAGAR 300g",
    "price": "0,37 \u20ac",
    "price/unit": "(1,23 \u20ac / kg)\r\n        "
  },
  {
    "name": "Must seemneleib FAZER 280g",
    "price": "0,83 \u20ac",
    "price/unit": "(2,96 \u20ac / kg)\r\n        "
  },
  {
    "name": "Rehe teraleib EESTI PAGAR, 390g viil.",
    "price": "0,75 \u20ac",
    "price/unit": "(1,92 \u20ac / kg)\r\n        "
  },
  {
    "name": "Must Jassi seemneleib EESTI PAGAR, 310g",
    "price": "0,85 \u20ac",
    "price/unit": "(2,74 \u20ac / kg)\r\n        "
  },
  {
    "name": "Rukkisepik EESTI PAGAR, 300g",
    "price": "0,58 \u20ac",
    "price/unit": "(1,93 \u20ac / kg)\r\n        "
  },
  {
    "name": "Kanepiseemne leib rukkiteradega 500g",
    "price": "0,89 \u20ac",
    "price/unit": "(1,78 \u20ac / kg)\r\n        "
  },
  {
    "name": "Kanepiseemne-tatra Pehmik EP, 240g",
    "price": "0,64 \u20ac",
    "price/unit": "(2,67 \u20ac / kg)\r\n        "
  },
  {
    "name": "Peedi-porgandi-pihlaka Pehmik EP, 240g",
    "price": "0,64 \u20ac",
    "price/unit": "(2,67 \u20ac / kg)\r\n        "
  },
  {
    "name": "K\u00f6\u00f6giviljar\u00f6st LEIBUR, 350g",
    "price": "0,99 \u20ac",
    "price/unit": "(2,83 \u20ac / kg)\r\n        "
  },
  {
    "name": "T\u00e4isterasepik EESTI PAGAR, 500 g",
    "price": "0,89 \u20ac",
    "price/unit": "(1,78 \u20ac / kg)\r\n        "
  },
  {
    "name": "Kodune sepik LEIBUR, 360g",
    "price": "0,69 \u20ac",
    "price/unit": "(1,92 \u20ac / kg)\r\n        "
  },
  {
    "name": "Koorikleib Rukkipala LEIBUR 6tk(330g)",
    "price": "0,71 \u20ac",
    "price/unit": "(2,15 \u20ac / kg)\r\n        "
  },
  {
    "name": "Juustumuhkel FAZER 200g",
    "price": "0,56 \u20ac",
    "price/unit": "(2,80 \u20ac / kg)\r\n        "
  },
  {
    "name": "Kuldne klassikaline r\u00f6stsai LEIBUR 500g",
    "price": "0,89 \u20ac",
    "price/unit": "(1,78 \u20ac / kg)\r\n        "
  },
  {
    "name": "Kuldne klassikal.r\u00f6stsai LEIBUR 300g",
    "price": "0,73 \u20ac",
    "price/unit": "(2,43 \u20ac / kg)\r\n        "
  },
  {
    "name": "Mitmeviljar\u00f6stkukkel FAZER 260g",
    "price": "0,77 \u20ac",
    "price/unit": "(2,96 \u20ac / kg)\r\n        "
  },
  {
    "name": "R\u00f6stsai Tosta EESTI PAGAR 500g",
    "price": "0,69 \u20ac",
    "price/unit": "(1,38 \u20ac / kg)\r\n        "
  },
  {
    "name": "Mitmevilja-r\u00f6stsai Tosta EESTI PAGAR500g",
    "price": "0,79 \u20ac",
    "price/unit": "(1,58 \u20ac / kg)\r\n        "
  },
  {
    "name": "R\u00f6stsepik Tosta EESTI PAGAR 500g",
    "price": "0,79 \u20ac",
    "price/unit": "(1,58 \u20ac / kg)\r\n        "
  },
  {
    "name": "Saib LEIBUR, 370g",
    "price": "0,75 \u20ac",
    "price/unit": "(2,03 \u20ac / kg)\r\n        "
  },
  {
    "name": "Rukkir\u00f6st Tosta EESTI PAGAR, 390g",
    "price": "0,79 \u20ac",
    "price/unit": "(2,03 \u20ac / kg)\r\n        "
  },
  {
    "name": "Leiburi r\u00f6st rukkijahust, 470g",
    "price": "0,98 \u20ac",
    "price/unit": "(2,09 \u20ac / kg)\r\n        "
  },
  {
    "name": "Must taskuleib seemnetega FAZER, 270g",
    "price": "0,79 \u20ac",
    "price/unit": "(2,93 \u20ac / kg)\r\n        "
  },
  {
    "name": "Leiburi R\u00d6ST mitmevilja, 470g",
    "price": "0,81 \u20ac",
    "price/unit": "(1,72 \u20ac / kg)\r\n        "
  },
  {
    "name": "Kuldne prantsusep\u00e4r.r\u00f6stsai LEIBUR 500g",
    "price": "0,98 \u20ac",
    "price/unit": "(1,96 \u20ac / kg)\r\n        "
  },
  {
    "name": "R\u00f6stsai Eesti Pagar juustuga, 430g",
    "price": "0,77 \u20ac",
    "price/unit": "(1,79 \u20ac / kg)\r\n        "
  },
  {
    "name": "Burgerikukkel seesamis.Eesti Pagar 320g",
    "price": "1,25 \u20ac",
    "price/unit": "(3,91 \u20ac / kg)\r\n        "
  },
  {
    "name": "R\u00f6stsai Parim P\u00e4ts, 500g",
    "price": "0,69 \u20ac",
    "price/unit": "(1,38 \u20ac / kg)\r\n        "
  },
  {
    "name": "Leiburi R\u00d6ST tume t\u00e4istera, 400g",
    "price": "1,19 \u20ac",
    "price/unit": "(2,98 \u20ac / kg)\r\n        "
  },
  {
    "name": "Leiburi R\u00d6ST kaer-\u00f5un, 350g",
    "price": "1,15 \u20ac",
    "price/unit": "(3,29 \u20ac / kg)\r\n        "
  },
  {
    "name": "Pagari r\u00f6st t\u00e4istera 430g",
    "price": "0,77 \u20ac",
    "price/unit": "(1,79 \u20ac / kg)\r\n        "
  },
  {
    "name": "Teratasku Eesti Pagar 4tk, 280g",
    "price": "0,46 \u20ac",
    "price/unit": "(1,64 \u20ac / kg)\r\n        "
  },
  {
    "name": "Kuldne t\u00e4isterasepik LEIBUR, 500g",
    "price": "0,97 \u20ac",
    "price/unit": "(1,94 \u20ac / kg)\r\n        "
  },
  {
    "name": "Kohupiimarull MK, kg",
    "price": "5,89 \u20ac",
    "price/unit": "(5,89 \u20ac / kg)\r\n        "
  },
  {
    "name": "Kook Vana Riia MK, 70g",
    "price": "0,49 \u20ac",
    "price/unit": "(7,00 \u20ac / kg)\r\n        "
  },
  {
    "name": "Jogurtimaitseline kook MK, kg",
    "price": "7,79 \u20ac",
    "price/unit": "(7,79 \u20ac / kg)\r\n        "
  },
  {
    "name": "Rullbiskviit Roiski, kg",
    "price": "7,05 \u20ac",
    "price/unit": "(7,05 \u20ac / kg)\r\n        "
  },
  {
    "name": "Meekook MK, kg",
    "price": "6,49 \u20ac",
    "price/unit": "(6,49 \u20ac / kg)\r\n        "
  },
  {
    "name": "Tiramisukook, kg",
    "price": "8,25 \u20ac",
    "price/unit": "(8,25 \u20ac / kg)\r\n        "
  },
  {
    "name": "Tort Maskarpoone suur, kg",
    "price": "10,39 \u20ac",
    "price/unit": "(10,39 \u20ac / kg)\r\n        "
  },
  {
    "name": "Tort Kirsiaed suur, kg",
    "price": "7,19 \u20ac",
    "price/unit": "(7,19 \u20ac / kg)\r\n        "
  },
  {
    "name": "Kook Margaritka 140g",
    "price": "1,15 \u20ac",
    "price/unit": "(8,21 \u20ac / kg)\r\n        "
  },
  {
    "name": "Kook Ekleer shokolaadikreemiga, 70g",
    "price": "0,69 \u20ac",
    "price/unit": "(9,86 \u20ac / kg)\r\n        "
  },
  {
    "name": "Kihiline k\u00fcpsis halvaaga, kg",
    "price": "9,59 \u20ac",
    "price/unit": "(9,59 \u20ac / kg)\r\n        "
  },
  {
    "name": "Rullbiskviit vahukoorega, kg",
    "price": "6,99 \u20ac",
    "price/unit": "(6,99 \u20ac / kg)\r\n        "
  },
  {
    "name": "Vahukreemikringel EESTI PAGAR, 450g",
    "price": "3,29 \u20ac",
    "price/unit": "(7,31 \u20ac / kg)\r\n        "
  },
  {
    "name": "Keeks amaretto lik\u00f6\u00f6r.KUCHENMEISTER,400g",
    "price": "2,99 \u20ac",
    "price/unit": "(7,48 \u20ac / kg)\r\n        "
  },
  {
    "name": "Pealinna kook EESTI PAGAR, 350g",
    "price": "2,15 \u20ac",
    "price/unit": "(6,14 \u20ac / kg)\r\n        "
  },
  {
    "name": "Pealinna kook EESTI PAGAR, 1.1kg",
    "price": "7,99 \u20ac",
    "price/unit": "(7,26 \u20ac / kg)\r\n        "
  },
  {
    "name": "Napoleoni kook EESTI PAGAR, 400g",
    "price": "3,05 \u20ac",
    "price/unit": "(7,63 \u20ac / kg)\r\n        "
  },
  {
    "name": "Meekook EESTI PAGAR, 350g",
    "price": "2,45 \u20ac",
    "price/unit": "(7,00 \u20ac / kg)\r\n        "
  },
  {
    "name": "Meekook EESTI PAGAR, 1kg",
    "price": "6,39 \u20ac",
    "price/unit": "(6,39 \u20ac / kg)\r\n        "
  },
  {
    "name": "Tort Marta suur, kg",
    "price": "7,59 \u20ac",
    "price/unit": "(7,59 \u20ac / kg)\r\n        "
  },
  {
    "name": "Eksootiline kohupiimatort suur, kg",
    "price": "7,39 \u20ac",
    "price/unit": "(7,39 \u20ac / kg)\r\n        "
  },
  {
    "name": "Kook Alice Imedemaal, 58g",
    "price": "0,49 \u20ac",
    "price/unit": "(8,45 \u20ac / kg)\r\n        "
  },
  {
    "name": "Plaadikook Virsiku Paradiis, kg",
    "price": "7,39 \u20ac",
    "price/unit": "(7,39 \u20ac / kg)\r\n        "
  },
  {
    "name": "Profitroolid karamelliga, kg",
    "price": "9,59 \u20ac",
    "price/unit": "(9,59 \u20ac / kg)\r\n        "
  },
  {
    "name": "Kihiline k\u00fcpsis p\u00e4hklitega, kg",
    "price": "9,59 \u20ac",
    "price/unit": "(9,59 \u20ac / kg)\r\n        "
  },
  {
    "name": "Miniekleerid vahukoore kreemiga, kg",
    "price": "9,99 \u20ac",
    "price/unit": "(9,99 \u20ac / kg)\r\n        "
  },
  {
    "name": "Kreeka p\u00e4hkli beseerull MK, kg",
    "price": "8,49 \u20ac",
    "price/unit": "(8,49 \u20ac / kg)\r\n        "
  },
  {
    "name": "Napoleon plaadikook MK, kg",
    "price": "6,49 \u20ac",
    "price/unit": "(6,49 \u20ac / kg)\r\n        "
  },
  {
    "name": "Kohupiima-p\u00e4hkli plaadikook MK, kg",
    "price": "6,99 \u20ac",
    "price/unit": "(6,99 \u20ac / kg)\r\n        "
  },
  {
    "name": "Ekleer keedukreemiga, 80 g",
    "price": "0,69 \u20ac",
    "price/unit": "(8,63 \u20ac / kg)\r\n        "
  },
  {
    "name": "Tort Maskarpoone MK, v\u00e4ike, kg",
    "price": "10,39 \u20ac",
    "price/unit": "(10,39 \u20ac / kg)\r\n        "
  },
  {
    "name": "Banaanitort MK, v\u00e4ike, kg",
    "price": "8,99 \u20ac",
    "price/unit": "(8,99 \u20ac / kg)\r\n        "
  },
  {
    "name": "Tort Marta v\u00e4ike MK, kg",
    "price": "7,59 \u20ac",
    "price/unit": "(7,59 \u20ac / kg)\r\n        "
  },
  {
    "name": "Kohupiimatort vaarikatega v\u00e4ike, kg",
    "price": "8,99 \u20ac",
    "price/unit": "(8,99 \u20ac / kg)\r\n        "
  },
  {
    "name": "Kirju kohupiimatort EESTI PAGAR, 1.05kg",
    "price": "8,79 \u20ac",
    "price/unit": "(8,37 \u20ac / kg)\r\n        "
  },
  {
    "name": "Napoleoni kook EESTI PAGAR, 1.2kg",
    "price": "7,09 \u20ac",
    "price/unit": "(5,91 \u20ac / kg)\r\n        "
  },
  {
    "name": "Hapukoorekook puuviljadega,kg",
    "price": "7,15 \u20ac",
    "price/unit": "(7,15 \u20ac / kg)\r\n        "
  },
  {
    "name": "Tosca kook REVAL KONDIITER, 700g",
    "price": "7,25 \u20ac",
    "price/unit": "(10,36 \u20ac / kg)\r\n        "
  },
  {
    "name": "Maasika- kiivikook, kg",
    "price": "7,39 \u20ac",
    "price/unit": "(7,39 \u20ac / kg)\r\n        "
  },
  {
    "name": "Cheesecake punase s\u00f5straga,suur,kg",
    "price": "9,15 \u20ac",
    "price/unit": "(9,15 \u20ac / kg)\r\n        "
  },
  {
    "name": "Cheesecake punase s\u00f5straga,v\u00e4ike,kg",
    "price": "9,15 \u20ac",
    "price/unit": "(9,15 \u20ac / kg)\r\n        "
  },
  {
    "name": "Tort Sipelgapesa MK, kg",
    "price": "6,29 \u20ac",
    "price/unit": "(6,29 \u20ac / kg)\r\n        "
  },
  {
    "name": "Tiramisumaitseline tort MK, suur, kg",
    "price": "8,89 \u20ac",
    "price/unit": "(8,89 \u20ac / kg)\r\n        "
  },
  {
    "name": "Karamellitort MK, suur, kg",
    "price": "7,49 \u20ac",
    "price/unit": "(7,49 \u20ac / kg)\r\n        "
  },
  {
    "name": "Profitroolid kohupiimakreemiga,kg",
    "price": "9,59 \u20ac",
    "price/unit": "(9,59 \u20ac / kg)\r\n        "
  },
  {
    "name": "Sefiirikook MK, kg",
    "price": "6,55 \u20ac",
    "price/unit": "(6,55 \u20ac / kg)\r\n        "
  },
  {
    "name": "Kookosekook MK, kg",
    "price": "5,99 \u20ac",
    "price/unit": "(5,99 \u20ac / kg)\r\n        "
  },
  {
    "name": "Tallinna   peenleib LEIBUR 1kg viil.",
    "price": "1,26 \u20ac",
    "price/unit": "(1,26 \u20ac / kg)\r\n        "
  },
  {
    "name": "Toolse leib LEIBUR 500g viil.",
    "price": "0,64 \u20ac",
    "price/unit": "(1,28 \u20ac / kg)\r\n        "
  },
  {
    "name": "Pealinna peenleib EESTI PAGAR 1kg",
    "price": "1,29 \u20ac",
    "price/unit": "(1,29 \u20ac / kg)\r\n        "
  },
  {
    "name": "Pealinna peenleib EESTI PAGAR 490g",
    "price": "0,72 \u20ac",
    "price/unit": "(1,47 \u20ac / kg)\r\n        "
  },
  {
    "name": "Tallinna   peenleib LEIBUR 475g",
    "price": "0,81 \u20ac",
    "price/unit": "(1,71 \u20ac / kg)\r\n        "
  },
  {
    "name": "Must vormileib EESTI PAGAR 600g",
    "price": "0,51 \u20ac",
    "price/unit": "(0,85 \u20ac / kg)\r\n        "
  },
  {
    "name": "Kodukandi rukkil.viil. EESTI PAGAR 390g",
    "price": "0,59 \u20ac",
    "price/unit": "(1,51 \u20ac / kg)\r\n        "
  },
  {
    "name": "Must leib  FAZER 300g",
    "price": "0,55 \u20ac",
    "price/unit": "(1,83 \u20ac / kg)\r\n        "
  },
  {
    "name": "Must leib  FAZER 600g",
    "price": "0,69 \u20ac",
    "price/unit": "(1,15 \u20ac / kg)\r\n        "
  },
  {
    "name": "Kodukandi rukkil.viil. EESTI PAGAR 800g",
    "price": "1,19 \u20ac",
    "price/unit": "(1,49 \u20ac / kg)\r\n        "
  },
  {
    "name": "Isa peenleib LEIBUR 350g",
    "price": "0,42 \u20ac",
    "price/unit": "(1,20 \u20ac / kg)\r\n        "
  },
  {
    "name": "Isa peenleib  730g",
    "price": "0,89 \u20ac",
    "price/unit": "(1,22 \u20ac / kg)\r\n        "
  },
  {
    "name": "Rukkileib Leiburi Ruks LEIBUR 800g",
    "price": "1,19 \u20ac",
    "price/unit": "(1,49 \u20ac / kg)\r\n        "
  },
  {
    "name": "Rukkileib Leiburi Ruks LEIBUR 380g",
    "price": "0,56 \u20ac",
    "price/unit": "(1,47 \u20ac / kg)\r\n        "
  },
  {
    "name": "Rehe rukkileib EESTI PAGAR,390g",
    "price": "0,58 \u20ac",
    "price/unit": "(1,49 \u20ac / kg)\r\n        "
  },
  {
    "name": "Rehe rukkileib vorm.EESTI PAGAR,600g",
    "price": "0,59 \u20ac",
    "price/unit": "(0,98 \u20ac / kg)\r\n        "
  },
  {
    "name": "Pealinna peenleib vorm EESTI PAGAR, 600g",
    "price": "0,79 \u20ac",
    "price/unit": "(1,32 \u20ac / kg)\r\n        "
  },
  {
    "name": "Must p\u00f5randaleib FAZER, 390g",
    "price": "0,74 \u20ac",
    "price/unit": "(1,90 \u20ac / kg)\r\n        "
  },
  {
    "name": "Rukkileib REHE EESTI PAGAR, 800g",
    "price": "1,19 \u20ac",
    "price/unit": "(1,49 \u20ac / kg)\r\n        "
  },
  {
    "name": "Vormileib Leiburi Ruks LEIBUR, 600g",
    "price": "1,02 \u20ac",
    "price/unit": "(1,70 \u20ac / kg)\r\n        "
  },
  {
    "name": "Rukkileib Rehe Eesti Pagar, 290g",
    "price": "0,49 \u20ac",
    "price/unit": "(1,69 \u20ac / kg)\r\n        "
  },
  {
    "name": "Teraleib EESTI PAGAR, 335g",
    "price": "0,73 \u20ac",
    "price/unit": "(2,18 \u20ac / kg)\r\n        "
  },
  {
    "name": "Rukki Pehmik EESTI PAGAR 240g",
    "price": "0,59 \u20ac",
    "price/unit": "(2,46 \u20ac / kg)\r\n        "
  },
  {
    "name": "Kaera Pehmik EESTI PAGAR 220g",
    "price": "0,59 \u20ac",
    "price/unit": "(2,68 \u20ac / kg)\r\n        "
  },
  {
    "name": "Mitmevilja Pehmik EESTI PAGAR 240g",
    "price": "0,59 \u20ac",
    "price/unit": "(2,46 \u20ac / kg)\r\n        "
  },
  {
    "name": "Peenleib Parim P\u00e4ts, 650g",
    "price": "0,58 \u20ac",
    "price/unit": "(0,89 \u20ac / kg)\r\n        "
  },
  {
    "name": "Must Pehmik EESTI PAGAR 240g",
    "price": "0,59 \u20ac",
    "price/unit": "(2,46 \u20ac / kg)\r\n        "
  },
  {
    "name": "Kr\u00f5psud Nacho Cheeseballs TAFFEL 200g",
    "price": "1,99 \u20ac",
    "price/unit": "(9,95 \u20ac / kg)\r\n        "
  },
  {
    "name": "Kart. kr\u00f5ps.hapukooremaits.LAY'S 150g",
    "price": "0,99 \u20ac",
    "price/unit": "(6,60 \u20ac / kg)\r\n        "
  },
  {
    "name": "Kart.kr\u00f5psud sibulamaits. LAY'S 150g",
    "price": "0,99 \u20ac",
    "price/unit": "(6,60 \u20ac / kg)\r\n        "
  },
  {
    "name": "Kartulikr\u00f5psud peekonimaits. LAY'S 150g",
    "price": "0,99 \u20ac",
    "price/unit": "(6,60 \u20ac / kg)\r\n        "
  },
  {
    "name": "Kart.kr\u00f5psud sibulamaits. LAY'S 220g",
    "price": "1,25 \u20ac",
    "price/unit": "(5,68 \u20ac / kg)\r\n        "
  },
  {
    "name": "Kartulikr\u00f5psud juustumaits.LAY`S 150g",
    "price": "0,99 \u20ac",
    "price/unit": "(6,60 \u20ac / kg)\r\n        "
  },
  {
    "name": "Kartulisnack soolaga POMSTICKS  100g",
    "price": "1,19 \u20ac",
    "price/unit": "(11,90 \u20ac / kg)\r\n        "
  },
  {
    "name": "Kart.kr\u00f5ps.hap.koore-sibulaga JEGA 50g",
    "price": "0,49 \u20ac",
    "price/unit": "(9,80 \u20ac / kg)\r\n        "
  },
  {
    "name": "K\u00fc\u00fcslaugukaste Dippi TAFFEL 14g",
    "price": "0,63 \u20ac",
    "price/unit": "(45,00 \u20ac / kg)\r\n        "
  },
  {
    "name": "Tillikaste Dippi TAFFEL 16g",
    "price": "0,63 \u20ac",
    "price/unit": "(39,38 \u20ac / kg)\r\n        "
  },
  {
    "name": "Kart.kr\u00f5psud hapukoorem. LAY'S 220g",
    "price": "1,25 \u20ac",
    "price/unit": "(5,68 \u20ac / kg)\r\n        "
  },
  {
    "name": "Kr\u00f5psud Juustu Maximus PRINGLES 165g",
    "price": "2,25 \u20ac",
    "price/unit": "(13,64 \u20ac / kg)\r\n        "
  },
  {
    "name": "Maisipulgad LOTTE 130g",
    "price": "0,75 \u20ac",
    "price/unit": "(5,77 \u20ac / kg)\r\n        "
  },
  {
    "name": "Kart.kr\u00f5psud juustumaits. LAY'S 220g",
    "price": "1,25 \u20ac",
    "price/unit": "(5,68 \u20ac / kg)\r\n        "
  },
  {
    "name": "Kart.vahv.juustu ja sibulaga VAHVEL 90g",
    "price": "0,49 \u20ac",
    "price/unit": "(5,44 \u20ac / kg)\r\n        "
  },
  {
    "name": "Kart.vahv.hapuk. ja tilliga VAHVEL 90g",
    "price": "0,49 \u20ac",
    "price/unit": "(5,44 \u20ac / kg)\r\n        "
  },
  {
    "name": "Kart.kr\u00f5ps. hapuk.-sibul. ESTRELLA 140g",
    "price": "1,59 \u20ac",
    "price/unit": "(11,36 \u20ac / kg)\r\n        "
  },
  {
    "name": "Kart.kr\u00f5psud grillimaits. VIGUR 70g",
    "price": "0,75 \u20ac",
    "price/unit": "(10,71 \u20ac / kg)\r\n        "
  },
  {
    "name": "Kartulikr\u00f5ps.juustu-sibulaga VIGUR 90g",
    "price": "0,79 \u20ac",
    "price/unit": "(8,78 \u20ac / kg)\r\n        "
  },
  {
    "name": "Kartulikr\u00f5psud tomatimait.LAY'S 220g",
    "price": "1,25 \u20ac",
    "price/unit": "(5,68 \u20ac / kg)\r\n        "
  },
  {
    "name": "Kart.kr\u00f5ps.t\u0161illi-ja laimimait.LAY'S150g",
    "price": "0,99 \u20ac",
    "price/unit": "(6,60 \u20ac / kg)\r\n        "
  },
  {
    "name": "Kartulikr\u00f5psud hapuk.-sibulaTAFFEL 220g",
    "price": "1,89 \u20ac",
    "price/unit": "(8,59 \u20ac / kg)\r\n        "
  },
  {
    "name": "Kart.kr\u00f5ps.t\u0161illi-ja laimimait.LAY'S285g",
    "price": "2,45 \u20ac",
    "price/unit": "(8,60 \u20ac / kg)\r\n        "
  },
  {
    "name": "Kart.kr\u00f5ps.sibula- juustuga ESTRELLA140g",
    "price": "1,59 \u20ac",
    "price/unit": "(11,36 \u20ac / kg)\r\n        "
  },
  {
    "name": "Hapukoore- ja sibulakaste DippiTAFFEL15g",
    "price": "0,63 \u20ac",
    "price/unit": "(42,00 \u20ac / kg)\r\n        "
  },
  {
    "name": "Leivakr\u00f5psud salaami BON CHANCE 120g",
    "price": "0,97 \u20ac",
    "price/unit": "(8,08 \u20ac / kg)\r\n        "
  },
  {
    "name": "Leivakr\u00f5p. k\u00fc\u00fcsl.-juustu BON CHANCE 120g",
    "price": "0,99 \u20ac",
    "price/unit": "(8,25 \u20ac / kg)\r\n        "
  },
  {
    "name": "Kartulikr\u00f5psud soolamaits. LAY'S 150g",
    "price": "0,99 \u20ac",
    "price/unit": "(6,60 \u20ac / kg)\r\n        "
  },
  {
    "name": "Dipikastmesegu Tzatziki ESTRELLA 15g",
    "price": "0,59 \u20ac",
    "price/unit": "(39,33 \u20ac / kg)\r\n        "
  },
  {
    "name": "Leivakr\u00f5p.hapukoore-sibul.BON CHANCE120g",
    "price": "0,99 \u20ac",
    "price/unit": "(8,25 \u20ac / kg)\r\n        "
  },
  {
    "name": "Kartulikr\u00f5psud soolaga ESTRELLA 140G",
    "price": "1,59 \u20ac",
    "price/unit": "(11,36 \u20ac / kg)\r\n        "
  },
  {
    "name": "Kart.kr\u00f5ps.sibula- juustuga ESTRELLA200g",
    "price": "1,99 \u20ac",
    "price/unit": "(9,95 \u20ac / kg)\r\n        "
  },
  {
    "name": "Kart.kr\u00f5ps. hapuk.-sibul. ESTRELLA 200g",
    "price": "1,99 \u20ac",
    "price/unit": "(9,95 \u20ac / kg)\r\n        "
  },
  {
    "name": "Kartulikr\u00f5psud tillimaits. ESTRELLA 200g",
    "price": "1,99 \u20ac",
    "price/unit": "(9,95 \u20ac / kg)\r\n        "
  },
  {
    "name": "Kartulikr\u00f5psud sibulamaits. LAY'S 285g",
    "price": "2,45 \u20ac",
    "price/unit": "(8,60 \u20ac / kg)\r\n        "
  },
  {
    "name": "Kartulikr\u00f5ps.hapukooremaits. LAY'S 285g",
    "price": "2,45 \u20ac",
    "price/unit": "(8,60 \u20ac / kg)\r\n        "
  },
  {
    "name": "Magusad maisikepik.maasik.maits.DINO170g",
    "price": "0,65 \u20ac",
    "price/unit": "(3,82 \u20ac / kg)\r\n        "
  },
  {
    "name": "Magusad maisikepikesed DINO 170g",
    "price": "0,65 \u20ac",
    "price/unit": "(3,82 \u20ac / kg)\r\n        "
  },
  {
    "name": "Magusad maisikepik.kond.piim.DINO 170g",
    "price": "0,65 \u20ac",
    "price/unit": "(3,82 \u20ac / kg)\r\n        "
  },
  {
    "name": "Maisikepikesed DINO 170g",
    "price": "0,65 \u20ac",
    "price/unit": "(3,82 \u20ac / kg)\r\n        "
  },
  {
    "name": "Kartulikr\u00f5psud juustuga CRIPSY 150g",
    "price": "0,99 \u20ac",
    "price/unit": "(6,60 \u20ac / kg)\r\n        "
  },
  {
    "name": "Kart.kr\u00f5p.hapuk.-sibula mait.CRIPSY 150g",
    "price": "0,99 \u20ac",
    "price/unit": "(6,60 \u20ac / kg)\r\n        "
  },
  {
    "name": "Kartulikr\u00f5psud tomati maits.CRIPSY 150g",
    "price": "0,99 \u20ac",
    "price/unit": "(6,60 \u20ac / kg)\r\n        "
  },
  {
    "name": "Kartulikr\u00f5psud tilliga CRIPSY 150g",
    "price": "0,99 \u20ac",
    "price/unit": "(6,60 \u20ac / kg)\r\n        "
  },
  {
    "name": "Nisukr\u00f5ps suitsupeekon. PIRAAT 150g",
    "price": "0,89 \u20ac",
    "price/unit": "(5,93 \u20ac / kg)\r\n        "
  },
  {
    "name": "Kr\u00f5psud,juustu-sibulam. LAY`S MAX 140g",
    "price": "1,49 \u20ac",
    "price/unit": "(10,64 \u20ac / kg)\r\n        "
  },
  {
    "name": "Kart. kr\u00f5ps.suitsupeekoniga ESTRELLA140g",
    "price": "1,59 \u20ac",
    "price/unit": "(11,36 \u20ac / kg)\r\n        "
  },
  {
    "name": "Kartulikr. hapuk+magus t\u0161illi TAFFEL325g",
    "price": "2,99 \u20ac",
    "price/unit": "(9,20 \u20ac / kg)\r\n        "
  },
  {
    "name": "Rukkivahvel BALSNACK 90g",
    "price": "0,69 \u20ac",
    "price/unit": "(7,67 \u20ac / kg)\r\n        "
  },
  {
    "name": "Kart.kr\u00f5psud hap.k. sibulaga TAFFEL325g",
    "price": "2,69 \u20ac",
    "price/unit": "(8,28 \u20ac / kg)\r\n        "
  },
  {
    "name": "Lehttaigen MANTINGA, 500g k\u00fclmutatud",
    "price": "1,03 \u20ac",
    "price/unit": "(2,06 \u20ac / kg)\r\n        "
  },
  {
    "name": "Tume tordip\u00f5hi 3-kih. KUCHENMEISTER 400g",
    "price": "2,79 \u20ac",
    "price/unit": "(6,98 \u20ac / kg)\r\n        "
  },
  {
    "name": "Hele tordip\u00f5hi 3-kih. KUCHENMEISTER 400g",
    "price": "2,79 \u20ac",
    "price/unit": "(6,98 \u20ac / kg)\r\n        "
  },
  {
    "name": "S\u00f6\u00f6gisooda 500g",
    "price": "0,53 \u20ac",
    "price/unit": "(1,06 \u20ac / kg)\r\n        "
  },
  {
    "name": "Sidrunhape SALDUKAS 500g",
    "price": "1,99 \u20ac",
    "price/unit": "(3,98 \u20ac / kg)\r\n        "
  },
  {
    "name": "\u0160okolaadim.pudingu pulber DR.OETKER, 45g",
    "price": "0,35 \u20ac",
    "price/unit": "(7,78 \u20ac / kg)\r\n        "
  },
  {
    "name": "Vanillim.pudingu pulber DR.OETKER, 40g",
    "price": "0,35 \u20ac",
    "price/unit": "(8,75 \u20ac / kg)\r\n        "
  },
  {
    "name": "Tordikreem vaniljemaits. DR.OETKER 120g",
    "price": "1,19 \u20ac",
    "price/unit": "(9,92 \u20ac / kg)\r\n        "
  },
  {
    "name": "Kiivimaits.tarretis OPTIMA LINIJA 80g",
    "price": "0,37 \u20ac",
    "price/unit": "(4,63 \u20ac / kg)\r\n        "
  },
  {
    "name": "Sidrunimaits.tarretis OPTIMA LINIJA 80g",
    "price": "0,37 \u20ac",
    "price/unit": "(4,63 \u20ac / kg)\r\n        "
  },
  {
    "name": "Maasikamaits.tarretis OPTIMA LINIJA 80g",
    "price": "0,37 \u20ac",
    "price/unit": "(4,63 \u20ac / kg)\r\n        "
  },
  {
    "name": "Apelsinimaits.tarretis OPTIMA LINIJA 80g",
    "price": "0,37 \u20ac",
    "price/unit": "(4,63 \u20ac / kg)\r\n        "
  },
  {
    "name": "Vaarikamaits.kissell OPTIMA linija 85g",
    "price": "0,43 \u20ac",
    "price/unit": "(5,06 \u20ac / kg)\r\n        "
  },
  {
    "name": "J\u00f5hvikamaits.kissell OPTIMA linija 85g",
    "price": "0,43 \u20ac",
    "price/unit": "(5,06 \u20ac / kg)\r\n        "
  },
  {
    "name": "Kartulit\u00e4rklis MINU 400g",
    "price": "0,89 \u20ac",
    "price/unit": "(2,23 \u20ac / kg)\r\n        "
  },
  {
    "name": "\u017delatiin SANTA MARIA 25g",
    "price": "0,67 \u20ac",
    "price/unit": "(26,80 \u20ac / kg)\r\n        "
  },
  {
    "name": "P\u00e4rmi-lehttaigen rullis, 500g k\u00fclmutatud",
    "price": "1,29 \u20ac",
    "price/unit": "(2,58 \u20ac / kg)\r\n        "
  },
  {
    "name": "Sidrunhape SANTA MARIA 30g",
    "price": "0,43 \u20ac",
    "price/unit": "(14,33 \u20ac / kg)\r\n        "
  },
  {
    "name": "P\u00e4rm Nordic 50g (L\u00e4ti)",
    "price": "0,14 \u20ac",
    "price/unit": "(2,80 \u20ac / kg)\r\n        "
  },
  {
    "name": "Maisit\u00e4rklis M\u00dcLLER'S M\u00dcHLE 400g",
    "price": "1,15 \u20ac",
    "price/unit": "(2,88 \u20ac / kg)\r\n        "
  },
  {
    "name": "P\u00e4rmitaigen H\u00e4rmavili, 700g k\u00fclmutatud",
    "price": "1,69 \u20ac",
    "price/unit": "(2,41 \u20ac / kg)\r\n        "
  },
  {
    "name": "P\u00e4rmi-lehetaigen  EESTI PAGAR,500g k\u00fclm.",
    "price": "1,14 \u20ac",
    "price/unit": "(2,28 \u20ac / kg)\r\n        "
  },
  {
    "name": "Kartulit\u00e4rklis OPTIMA LINIJA 400g",
    "price": "0,55 \u20ac",
    "price/unit": "(1,38 \u20ac / kg)\r\n        "
  },
  {
    "name": "Salatikorvike ELTRUM 300g",
    "price": "2,95 \u20ac",
    "price/unit": "(9,83 \u20ac / kg)\r\n        "
  },
  {
    "name": "Valg.ja must.\u0161ok.mait.glas.DR.OETKER 100",
    "price": "0,99 \u20ac",
    "price/unit": "(9,90 \u20ac / kg)\r\n        "
  },
  {
    "name": "Lehttaigen  EESTI PAGAR,500g k\u00fclmutatud",
    "price": "1,59 \u20ac",
    "price/unit": "(3,18 \u20ac / kg)\r\n        "
  },
  {
    "name": "Vaarikam.tarretis FAVORIT,80g",
    "price": "0,45 \u20ac",
    "price/unit": "(5,63 \u20ac / kg)\r\n        "
  },
  {
    "name": "Kirsimaits.tarretis FAVORIT,80g",
    "price": "0,45 \u20ac",
    "price/unit": "(5,63 \u20ac / kg)\r\n        "
  },
  {
    "name": "Sidrunim.tarretis FAVORIT,80g",
    "price": "0,45 \u20ac",
    "price/unit": "(5,63 \u20ac / kg)\r\n        "
  },
  {
    "name": "Apelsinim.tarretis FAVORIT,80g",
    "price": "0,45 \u20ac",
    "price/unit": "(5,63 \u20ac / kg)\r\n        "
  },
  {
    "name": "V\u00e4rv.suhkruglasuur tuubis DR.OETKER,100g",
    "price": "2,08 \u20ac",
    "price/unit": "(20,80 \u20ac / kg)\r\n        "
  },
  {
    "name": "Martsipan ODENSE,200g",
    "price": "2,89 \u20ac",
    "price/unit": "(14,45 \u20ac / kg)\r\n        "
  },
  {
    "name": "Lehttainas MAXIMA FAVORIT, 500g k\u00fclm.",
    "price": "1,09 \u20ac",
    "price/unit": "(2,18 \u20ac / kg)\r\n        "
  },
  {
    "name": "P\u00e4rmi-lehttain.MAXIMA FAVORIT,500g k\u00fclm.",
    "price": "1,09 \u20ac",
    "price/unit": "(2,18 \u20ac / kg)\r\n        "
  },
  {
    "name": "Valge k\u00fcpsetus\u0161okolaad KALEV 200g",
    "price": "2,39 \u20ac",
    "price/unit": "(11,95 \u20ac / kg)\r\n        "
  },
  {
    "name": "Vaarikamaits.kissell FAVORIT 180g",
    "price": "0,56 \u20ac",
    "price/unit": "(3,11 \u20ac / kg)\r\n        "
  },
  {
    "name": "J\u00f5hvikamaits.kissell FAVORIT 180g",
    "price": "0,56 \u20ac",
    "price/unit": "(3,11 \u20ac / kg)\r\n        "
  },
  {
    "name": "Kirsimaitsel.kissell FAVORIT 180g",
    "price": "0,56 \u20ac",
    "price/unit": "(3,11 \u20ac / kg)\r\n        "
  },
  {
    "name": "Vanilliessents DR.OETKER 38ml",
    "price": "1,19 \u20ac",
    "price/unit": "(22,88 \u20ac / kg)\r\n        "
  },
  {
    "name": "Kuivp\u00e4rm Veski Mati 11g",
    "price": "0,35 \u20ac",
    "price/unit": "(31,82 \u20ac / kg)\r\n        "
  },
  {
    "name": "Veinhape MEIRA 25g",
    "price": "0,99 \u20ac",
    "price/unit": "(39,60 \u20ac / kg)\r\n        "
  },
  {
    "name": "V\u00f5iga P\u00e4rmi-lehttaigen EP 400g, k\u00fclm.",
    "price": "1,99 \u20ac",
    "price/unit": "(4,98 \u20ac / kg)\r\n        "
  },
  {
    "name": "Biskviit EESTI PAGAR, 400g",
    "price": "2,19 \u20ac",
    "price/unit": "(5,48 \u20ac / kg)\r\n        "
  },
  {
    "name": "K\u00fcpsetuspulber KITCHEN MOOD 30g",
    "price": "0,19 \u20ac",
    "price/unit": "(6,33 \u20ac / kg)\r\n        "
  },
  {
    "name": "Jah. krabimaitselised pulgad VICI, 300g",
    "price": "1,19 \u20ac",
    "price/unit": "(3,97 \u20ac / kg)\r\n        "
  },
  {
    "name": "Jah. krabimaitselised pulgad VICI, 150g",
    "price": "0,99 \u20ac",
    "price/unit": "(6,60 \u20ac / kg)\r\n        "
  },
  {
    "name": "Jah.lumekrabimaits.pulgad sur. VICI,150g",
    "price": "1,55 \u20ac",
    "price/unit": "(10,33 \u20ac / kg)\r\n        "
  },
  {
    "name": "Jah. krabimaitselised pulgad VICI,500g",
    "price": "2,99 \u20ac",
    "price/unit": "(5,98 \u20ac / kg)\r\n        "
  },
  {
    "name": "Jahutatud surimi nuudel ,VICI 200g",
    "price": "0,99 \u20ac",
    "price/unit": "(4,95 \u20ac / kg)\r\n        "
  },
  {
    "name": "Jah.krabimaits.sur.pulgad OPTIMA L.,150g",
    "price": "0,59 \u20ac",
    "price/unit": "(3,93 \u20ac / kg)\r\n        "
  },
  {
    "name": "Jahutatud lumekrabipulgad VICI, 250g",
    "price": "2,49 \u20ac",
    "price/unit": "(9,96 \u20ac / kg)\r\n        "
  },
  {
    "name": "Jah. krabim. surimi pulgad Kriskal,150g",
    "price": "0,85 \u20ac",
    "price/unit": "(5,67 \u20ac / kg)\r\n        "
  },
  {
    "name": "Jah. Krabimaits. surimipulgad OL, 300g",
    "price": "1,15 \u20ac",
    "price/unit": "(3,83 \u20ac / kg)\r\n        "
  },
  {
    "name": "Jah.Lum.krab.maits.sur.pul.,150g",
    "price": "1,29 \u20ac",
    "price/unit": "(8,60 \u20ac / kg)\r\n        "
  },
  {
    "name": "Heeringafilee traditsiooniline VICI,240g",
    "price": "1,69 \u20ac",
    "price/unit": "(7,04 \u20ac / kg)\r\n        "
  },
  {
    "name": "Rannakarbid \u00e4\u00e4dikamar.Makro Trade, 340g",
    "price": "2,55 \u20ac",
    "price/unit": "(7,50 \u20ac / kg)\r\n        "
  },
  {
    "name": "Heeringafilee v\u00e4hesoolane KGrant, 240g",
    "price": "1,89 \u20ac",
    "price/unit": "(7,88 \u20ac / kg)\r\n        "
  },
  {
    "name": "Rannakarbid soolvees VICI, 200g",
    "price": "1,49 \u20ac",
    "price/unit": "(7,45 \u20ac / kg)\r\n        "
  },
  {
    "name": "Krevetid soolvees VICI, 200g",
    "price": "2,69 \u20ac",
    "price/unit": "(13,45 \u20ac / kg)\r\n        "
  },
  {
    "name": "Heeringafilee traditsiooniline VICI,400g",
    "price": "3,49 \u20ac",
    "price/unit": "(8,73 \u20ac / kg)\r\n        "
  },
  {
    "name": "K\u00fclm/s heeringafilee roosakas VICI,240g",
    "price": "1,79 \u20ac",
    "price/unit": "(7,46 \u20ac / kg)\r\n        "
  },
  {
    "name": "Praetud r\u00e4imed tomatimarinaadis VR 430g",
    "price": "0,99 \u20ac",
    "price/unit": "(2,30 \u20ac / kg)\r\n        "
  },
  {
    "name": "Pr. heeringafilee tomat. Viru Rand, 430g",
    "price": "2,79 \u20ac",
    "price/unit": "(6,49 \u20ac / kg)\r\n        "
  },
  {
    "name": "V\u00e4hesoolane l\u00f5hefilee (viilutatud), kg",
    "price": "19,99 \u20ac",
    "price/unit": "(19,99 \u20ac / kg)\r\n        "
  },
  {
    "name": "Heeringafileet\u00fckid marin. NEMO KG,200g",
    "price": "1,69 \u20ac",
    "price/unit": "(8,45 \u20ac / kg)\r\n        "
  },
  {
    "name": "V\u00e4hesoolane l\u00f5hefilee tilliga, kg",
    "price": "19,99 \u20ac",
    "price/unit": "(19,99 \u20ac / kg)\r\n        "
  },
  {
    "name": "Heeringafilee kergsoola VICI,220g",
    "price": "1,39 \u20ac",
    "price/unit": "(6,32 \u20ac / kg)\r\n        "
  },
  {
    "name": "Heeringafilee VICI, 240g (rasvane)",
    "price": "1,85 \u20ac",
    "price/unit": "(7,71 \u20ac / kg)\r\n        "
  },
  {
    "name": "Heeringafilee tilliga \u00f5lis KEVAD, 200g",
    "price": "1,69 \u20ac",
    "price/unit": "(8,45 \u20ac / kg)\r\n        "
  },
  {
    "name": "Kergsoolaheer. maitseain. OCEAN, 220g",
    "price": "1,19 \u20ac",
    "price/unit": "(5,41 \u20ac / kg)\r\n        "
  },
  {
    "name": "Atl.heering.Sool.fil.,tradits.OCEAN,400g",
    "price": "1,95 \u20ac",
    "price/unit": "(4,88 \u20ac / kg)\r\n        "
  },
  {
    "name": "Kergsoolaheer. \u00f5lis maitseain.OCEAN,400g",
    "price": "1,79 \u20ac",
    "price/unit": "(4,48 \u20ac / kg)\r\n        "
  },
  {
    "name": "Suitsumaits. Heer. filee \u00f5lis OCEAN,400g",
    "price": "1,79 \u20ac",
    "price/unit": "(4,48 \u20ac / kg)\r\n        "
  },
  {
    "name": "Tradits. heeringafilee \u00f5lis OCEAN, 220g",
    "price": "1,19 \u20ac",
    "price/unit": "(5,41 \u20ac / kg)\r\n        "
  },
  {
    "name": "Suitsum. heeringafilee \u00f5lis OCEAN, 220g",
    "price": "1,19 \u20ac",
    "price/unit": "(5,41 \u20ac / kg)\r\n        "
  },
  {
    "name": "Kilufileed v\u00fcrtsikast. Ansoovis KM,100g",
    "price": "1,79 \u20ac",
    "price/unit": "(17,90 \u20ac / kg)\r\n        "
  },
  {
    "name": "Tallinna kilufileed VIRU RAND, 100g",
    "price": "1,89 \u20ac",
    "price/unit": "(18,90 \u20ac / kg)\r\n        "
  },
  {
    "name": "V\u00fcrtsikilufileed VIRU RAND, 100g",
    "price": "1,65 \u20ac",
    "price/unit": "(16,50 \u20ac / kg)\r\n        "
  },
  {
    "name": "Heering.fil.marin.kerg.Kastmes VICI,250g",
    "price": "1,79 \u20ac",
    "price/unit": "(7,16 \u20ac / kg)\r\n        "
  },
  {
    "name": "V\u00fcrtsikilud KALAMEISTER, 250g",
    "price": "1,19 \u20ac",
    "price/unit": "(4,76 \u20ac / kg)\r\n        "
  },
  {
    "name": "Tallinna kilud Kapten Grant, 250g",
    "price": "1,89 \u20ac",
    "price/unit": "(7,56 \u20ac / kg)\r\n        "
  },
  {
    "name": "V\u00fcrtsikilu filee BRIIS 160g",
    "price": "1,95 \u20ac",
    "price/unit": "(12,19 \u20ac / kg)\r\n        "
  },
  {
    "name": "Atlandi l\u00f5he sool. viil Fish Port,100g",
    "price": "2,49 \u20ac",
    "price/unit": "(24,90 \u20ac / kg)\r\n        "
  },
  {
    "name": "Kergsoola heeringas OPTIMA LINIJA, 220g",
    "price": "0,92 \u20ac",
    "price/unit": "(4,18 \u20ac / kg)\r\n        "
  },
  {
    "name": "Heeringafilee magusain.\u00f5lis OPTIMA,220g",
    "price": "0,92 \u20ac",
    "price/unit": "(4,18 \u20ac / kg)\r\n        "
  },
  {
    "name": "V.soola l\u00f5hefilee viil. KALAMEISTER,100g",
    "price": "1,99 \u20ac",
    "price/unit": "(19,90 \u20ac / kg)\r\n        "
  },
  {
    "name": "V\u00e4hesoola forellifilee viilud KM,100g",
    "price": "2,59 \u20ac",
    "price/unit": "(25,90 \u20ac / kg)\r\n        "
  },
  {
    "name": "Heerin. fil.mah.marin.K\u00fcla moodi KM,500g",
    "price": "3,15 \u20ac",
    "price/unit": "(6,30 \u20ac / kg)\r\n        "
  },
  {
    "name": " Heeringafilee t\u00fckkid \u00f5lis, 200g",
    "price": "1,35 \u20ac",
    "price/unit": "(6,75 \u20ac / kg)\r\n        "
  },
  {
    "name": "Heeringafilee t\u00fckid tilliga, 200g",
    "price": "1,35 \u20ac",
    "price/unit": "(6,75 \u20ac / kg)\r\n        "
  },
  {
    "name": "Delik.v\u00fcrtsikiluf.Skand.mood.BRIIS,160g",
    "price": "1,95 \u20ac",
    "price/unit": "(12,19 \u20ac / kg)\r\n        "
  },
  {
    "name": "Praetud r\u00e4imed tomatikastmes BRIIS, 380g",
    "price": "1,29 \u20ac",
    "price/unit": "(3,39 \u20ac / kg)\r\n        "
  },
  {
    "name": "Praetud r\u00e4imed koduses marin. BRIIS,380g",
    "price": "1,29 \u20ac",
    "price/unit": "(3,39 \u20ac / kg)\r\n        "
  },
  {
    "name": "Heeringafilee t\u00fckid v\u00fcrtsidega, 200g",
    "price": "1,35 \u20ac",
    "price/unit": "(6,75 \u20ac / kg)\r\n        "
  },
  {
    "name": "K\u00fclm/s l\u00f5he k\u00f5hu\u00e4\u00e4red, 300g",
    "price": "3,49 \u20ac",
    "price/unit": "(11,63 \u20ac / kg)\r\n        "
  },
  {
    "name": "Kuumsuitsu r\u00e4im Kalameister, 400g",
    "price": "2,19 \u20ac",
    "price/unit": "(5,48 \u20ac / kg)\r\n        "
  },
  {
    "name": "K\u00fclm/s. l\u00f5hefilee viil. KALAMEISTER,100g",
    "price": "2,59 \u20ac",
    "price/unit": "(25,90 \u20ac / kg)\r\n        "
  },
  {
    "name": "K\u00fclmsuitsu forellifilee viilud KM,100g",
    "price": "2,59 \u20ac",
    "price/unit": "(25,90 \u20ac / kg)\r\n        "
  },
  {
    "name": "Kuum/s.l\u00f5he k\u00f5hu\u00e4\u00e4red pipraga,VICI,250g",
    "price": "1,99 \u20ac",
    "price/unit": "(7,96 \u20ac / kg)\r\n        "
  },
  {
    "name": "K\u00fclmsuitsu moiva,kg-lett",
    "price": "6,89 \u20ac",
    "price/unit": "(6,89 \u20ac / kg)\r\n        "
  },
  {
    "name": "Meremari must Kriskal, 113g",
    "price": "1,09 \u20ac",
    "price/unit": "(9,65 \u20ac / kg)\r\n        "
  },
  {
    "name": "Klassikaline delikatesskalamari SB, 180g",
    "price": "2,19 \u20ac",
    "price/unit": "(12,17 \u20ac / kg)\r\n        "
  },
  {
    "name": "Moiva kalamari l\u00f5he t\u00fckkidega SB, 180g",
    "price": "2,19 \u20ac",
    "price/unit": "(12,17 \u20ac / kg)\r\n        "
  },
  {
    "name": "Meremari punane Kriskal, 113g",
    "price": "1,09 \u20ac",
    "price/unit": "(9,65 \u20ac / kg)\r\n        "
  },
  {
    "name": "Kaviar Kalles Abba, 190g",
    "price": "2,49 \u20ac",
    "price/unit": "(13,11 \u20ac / kg)\r\n        "
  },
  {
    "name": "L\u00f5hepasteet Abba,145g",
    "price": "1,69 \u20ac",
    "price/unit": "(11,66 \u20ac / kg)\r\n        "
  },
  {
    "name": "Tuunikala pasteet Abba, 145g",
    "price": "1,99 \u20ac",
    "price/unit": "(13,72 \u20ac / kg)\r\n        "
  },
  {
    "name": "Moiva kalamarja kreem krevettid. SB,180g",
    "price": "2,19 \u20ac",
    "price/unit": "(12,17 \u20ac / kg)\r\n        "
  },
  {
    "name": "V\u00e4hesoolane forellimari KALAMEISTER,100g",
    "price": "5,29 \u20ac",
    "price/unit": "(52,90 \u20ac / kg)\r\n        "
  },
  {
    "name": "Kodusai Fazer 320g",
    "price": "0,44 \u20ac",
    "price/unit": "(1,38 \u20ac / kg)\r\n        "
  },
  {
    "name": "Riivsai TARTU MILL 400g",
    "price": "1,15 \u20ac",
    "price/unit": "(2,88 \u20ac / kg)\r\n        "
  },
  {
    "name": "Perenaisesai EESTI PAGAR 320g",
    "price": "0,33 \u20ac",
    "price/unit": "(1,03 \u20ac / kg)\r\n        "
  },
  {
    "name": "Riivsai BALTIX 500g",
    "price": "0,97 \u20ac",
    "price/unit": "(1,94 \u20ac / kg)\r\n        "
  },
  {
    "name": "Kodusai Suur FAZER 500g",
    "price": "0,64 \u20ac",
    "price/unit": "(1,28 \u20ac / kg)\r\n        "
  },
  {
    "name": "Suur Perenaise sai EESTI PAGAR, 500g",
    "price": "0,60 \u20ac",
    "price/unit": "(1,20 \u20ac / kg)\r\n        "
  },
  {
    "name": "Kiviahjusai Eesti Pagar, 170g",
    "price": "0,85 \u20ac",
    "price/unit": "(5,00 \u20ac / kg)\r\n        "
  },
  {
    "name": "Ciabatta Eesti Pagar, 280g",
    "price": "0,79 \u20ac",
    "price/unit": "(2,82 \u20ac / kg)\r\n        "
  },
  {
    "name": "Finest Maakodu sai rukkihelv. FAZER 450g",
    "price": "0,95 \u20ac",
    "price/unit": "(2,11 \u20ac / kg)\r\n        "
  },
  {
    "name": "Finest keefirisai kalts-ga FAZER, 350g",
    "price": "0,75 \u20ac",
    "price/unit": "(2,14 \u20ac / kg)\r\n        "
  },
  {
    "name": "Pikksai juustuga EESTI PAGAR, 290g",
    "price": "1,09 \u20ac",
    "price/unit": "(3,76 \u20ac / kg)\r\n        "
  },
  {
    "name": "Kook Ekleer shokolaadikreemiga, 70g",
    "price": "0,69 \u20ac",
    "price/unit": "(9,86 \u20ac / kg)\r\n        "
  },
  {
    "name": "Perenaisesai EESTI PAGAR 320g",
    "price": "0,33 \u20ac",
    "price/unit": "(1,03 \u20ac / kg)\r\n        "
  },
  {
    "name": "Seemneleib Jassi  EESTI PAGAR 310g",
    "price": "0,68 \u20ac",
    "price/unit": "(2,19 \u20ac / kg)\r\n        "
  },
  {
    "name": "Isa peenleib LEIBUR 350g",
    "price": "0,42 \u20ac",
    "price/unit": "(1,20 \u20ac / kg)\r\n        "
  },
  {
    "name": "Rullbiskviit vahukoorega, kg",
    "price": "6,99 \u20ac",
    "price/unit": "(6,99 \u20ac / kg)\r\n        "
  },
  {
    "name": "Must leib  FAZER 600g",
    "price": "0,69 \u20ac",
    "price/unit": "(1,15 \u20ac / kg)\r\n        "
  },
  {
    "name": "Must seemneleib FAZER 280g",
    "price": "0,83 \u20ac",
    "price/unit": "(2,96 \u20ac / kg)\r\n        "
  },
  {
    "name": "Mitmevilja-r\u00f6stsai Tosta EESTI PAGAR500g",
    "price": "0,79 \u20ac",
    "price/unit": "(1,58 \u20ac / kg)\r\n        "
  },
  {
    "name": "R\u00f6stsepik Tosta EESTI PAGAR 500g",
    "price": "0,79 \u20ac",
    "price/unit": "(1,58 \u20ac / kg)\r\n        "
  },
  {
    "name": "Rukkileib Leiburi Ruks LEIBUR 380g",
    "price": "0,56 \u20ac",
    "price/unit": "(1,47 \u20ac / kg)\r\n        "
  },
  {
    "name": "Kook Alice Imedemaal, 58g",
    "price": "0,49 \u20ac",
    "price/unit": "(8,45 \u20ac / kg)\r\n        "
  },
  {
    "name": "Suur Perenaise sai EESTI PAGAR, 500g",
    "price": "0,60 \u20ac",
    "price/unit": "(1,20 \u20ac / kg)\r\n        "
  },
  {
    "name": "Riisivahvl. meresoolaga gl.v.KUPIEC 120g",
    "price": "0,99 \u20ac",
    "price/unit": "(8,25 \u20ac / kg)\r\n        "
  },
  {
    "name": "Riisivahvlid piima\u0161okolaadiga KUPIEC 90g",
    "price": "1,19 \u20ac",
    "price/unit": "(13,22 \u20ac / kg)\r\n        "
  },
  {
    "name": "K\u00fclmutatud mintaifilee nahata,1kg",
    "price": "4,19 \u20ac",
    "price/unit": "(4,19 \u20ac / kg)\r\n        "
  },
  {
    "name": "Heeringafilee v\u00e4hesoolane KGrant, 240g",
    "price": "1,89 \u20ac",
    "price/unit": "(7,88 \u20ac / kg)\r\n        "
  },
  {
    "name": "Meremari punane Kriskal, 113g",
    "price": "1,09 \u20ac",
    "price/unit": "(9,65 \u20ac / kg)\r\n        "
  },
  {
    "name": "Jahutatud lumekrabipulgad VICI, 250g",
    "price": "2,49 \u20ac",
    "price/unit": "(9,96 \u20ac / kg)\r\n        "
  },
  {
    "name": "L\u00f5hepasteet Abba,145g",
    "price": "1,69 \u20ac",
    "price/unit": "(11,66 \u20ac / kg)\r\n        "
  },
  {
    "name": "K\u00fclmutatud r\u00e4im peaga, 500g",
    "price": "1,29 \u20ac",
    "price/unit": "(2,58 \u20ac / kg)\r\n        "
  },
  {
    "name": "K\u00fclm.paneer. hakitud kalafilee VICI,800g",
    "price": "3,99 \u20ac",
    "price/unit": "(4,99 \u20ac / kg)\r\n        "
  },
  {
    "name": "K\u00fclm. kalapulgad Smart Choice 250g, VICI",
    "price": "0,59 \u20ac",
    "price/unit": "(2,36 \u20ac / kg)\r\n        "
  },
  {
    "name": "Keed. Sul. Vannamei viburh\u00e4nnak 30/40,kg",
    "price": "11,29 \u20ac",
    "price/unit": "(11,29 \u20ac / kg)\r\n        "
  },
  {
    "name": "Pilaff sealihaga, kg",
    "price": "4,75 \u20ac",
    "price/unit": "(4,75 \u20ac / kg)\r\n        "
  },
  {
    "name": "Kapsarullid MK, kg",
    "price": "7,79 \u20ac",
    "price/unit": "(7,79 \u20ac / kg)\r\n        "
  },
  {
    "name": "Keedetud riis MK, kg",
    "price": "2,49 \u20ac",
    "price/unit": "(2,49 \u20ac / kg)\r\n        "
  },
  {
    "name": "Keedetud tatar MK, kg",
    "price": "1,89 \u20ac",
    "price/unit": "(1,89 \u20ac / kg)\r\n        "
  },
  {
    "name": "Kartulip\u00fcree MK, kg",
    "price": "3,39 \u20ac",
    "price/unit": "(3,39 \u20ac / kg)\r\n        "
  },
  {
    "name": "Keedetud kartul, kg",
    "price": "2,19 \u20ac",
    "price/unit": "(2,19 \u20ac / kg)\r\n        "
  },
  {
    "name": "Keedetud spagetid, kg",
    "price": "1,89 \u20ac",
    "price/unit": "(1,89 \u20ac / kg)\r\n        "
  },
  {
    "name": "\u00dchepajatoit, kg",
    "price": "4,65 \u20ac",
    "price/unit": "(4,65 \u20ac / kg)\r\n        "
  },
  {
    "name": "K\u00fc\u00fcslaugukartul, kg",
    "price": "3,29 \u20ac",
    "price/unit": "(3,29 \u20ac / kg)\r\n        "
  },
  {
    "name": "Maksapasteet DELIKATESS N\u00d5O, 200g",
    "price": "0,79 \u20ac",
    "price/unit": "(3,95 \u20ac / kg)\r\n        "
  },
  {
    "name": "Kodune maksapasteet N\u00d5O 200g (karbis)",
    "price": "1,19 \u20ac",
    "price/unit": "(5,95 \u20ac / kg)\r\n        "
  },
  {
    "name": "Kodune pasteet RANNAROOTSI 180g",
    "price": "0,85 \u20ac",
    "price/unit": "(4,72 \u20ac / kg)\r\n        "
  },
  {
    "name": "Veisemaksapasteet N\u00d5O,200g",
    "price": "1,15 \u20ac",
    "price/unit": "(5,75 \u20ac / kg)\r\n        "
  },
  {
    "name": "Maksar\u00f5ngas RAKVERE,300g",
    "price": "0,95 \u20ac",
    "price/unit": "(3,17 \u20ac / kg)\r\n        "
  },
  {
    "name": "E-vaba maksapasteet OSKAR,200g",
    "price": "1,25 \u20ac",
    "price/unit": "(6,25 \u20ac / kg)\r\n        "
  },
  {
    "name": "Maksapasteet E-VABA UVIC,200g",
    "price": "1,07 \u20ac",
    "price/unit": "(5,35 \u20ac / kg)\r\n        "
  },
  {
    "name": "Pasteet KARNI,170g",
    "price": "0,89 \u20ac",
    "price/unit": "(5,24 \u20ac / kg)\r\n        "
  },
  {
    "name": "Kreemjas maksapasteet RAKVERE 300g \u00a0",
    "price": "1,09 \u20ac",
    "price/unit": "(3,63 \u20ac / kg)\r\n        "
  },
  {
    "name": "K\u00fcpset. maksapast. r\u00f5\u00f5s.koor.RAKVERE200g",
    "price": "1,79 \u20ac",
    "price/unit": "(8,95 \u20ac / kg)\r\n        "
  },
  {
    "name": "Saiakate RAKVERE 300g",
    "price": "0,69 \u20ac",
    "price/unit": "(2,30 \u20ac / kg)\r\n        "
  },
  {
    "name": "Fuetec Salaami ELPOZO, 170g",
    "price": "1,79 \u20ac",
    "price/unit": "(10,53 \u20ac / kg)\r\n        "
  },
  {
    "name": "\u00d5llesigar RAKVERE 120g",
    "price": "1,17 \u20ac",
    "price/unit": "(9,75 \u20ac / kg)\r\n        "
  },
  {
    "name": "Parmigiano-Reggiano cigar juust.,N\u00d5O 85g",
    "price": "1,32 \u20ac",
    "price/unit": "(15,53 \u20ac / kg)\r\n        "
  },
  {
    "name": "Snack`n\u00a0 Drive N\u00d5O 85g (pakendis)",
    "price": "1,26 \u20ac",
    "price/unit": "(14,82 \u20ac / kg)\r\n        "
  },
  {
    "name": "Chick Snack TALLEGG 80g",
    "price": "2,09 \u20ac",
    "price/unit": "(26,13 \u20ac / kg)\r\n        "
  },
  {
    "name": "Vinnutatud vorst Hansa BIOVELA,200g",
    "price": "3,99 \u20ac",
    "price/unit": "(19,95 \u20ac / kg)\r\n        "
  },
  {
    "name": "Vinnutatud vorst Juubeli BIOVELA,200g",
    "price": "3,79 \u20ac",
    "price/unit": "(18,95 \u20ac / kg)\r\n        "
  },
  {
    "name": "Vinnutatud kalkunivorst BIOVELA,120g",
    "price": "4,59 \u20ac",
    "price/unit": "(38,25 \u20ac / kg)\r\n        "
  },
  {
    "name": "Vinnutatud sealiha sn\u00e4kid 150g,ARGAL",
    "price": "2,69 \u20ac",
    "price/unit": "(17,93 \u20ac / kg)\r\n        "
  },
  {
    "name": "Beef Jerky ORIGINAL 50g",
    "price": "2,99 \u20ac",
    "price/unit": "(59,80 \u20ac / kg)\r\n        "
  },
  {
    "name": "Beef Jerky CLASSIC 50g",
    "price": "2,89 \u20ac",
    "price/unit": "(57,80 \u20ac / kg)\r\n        "
  },
  {
    "name": "Beef Jerky TERIYAKI \u00a050g",
    "price": "2,99 \u20ac",
    "price/unit": "(59,80 \u20ac / kg)\r\n        "
  },
  {
    "name": "Vin.vorst Salami rosmar.CAULA,kg-lett",
    "price": "11,99 \u20ac",
    "price/unit": "(11,99 \u20ac / kg)\r\n        "
  },
  {
    "name": "P\u00f5drasnack KARNI,120g",
    "price": "2,15 \u20ac",
    "price/unit": "(17,92 \u20ac / kg)\r\n        "
  },
  {
    "name": "Snackivorst KARNI,120g",
    "price": "2,15 \u20ac",
    "price/unit": "(17,92 \u20ac / kg)\r\n        "
  },
  {
    "name": "Kuiv .veiseliha JERKY  Traditional 40g",
    "price": "2,73 \u20ac",
    "price/unit": "(68,25 \u20ac / kg)\r\n        "
  },
  {
    "name": "Kuivatatud vorst fuet Aroso 160g",
    "price": "2,15 \u20ac",
    "price/unit": "(13,44 \u20ac / kg)\r\n        "
  },
  {
    "name": "T/s Kana Snack 120g",
    "price": "2,15 \u20ac",
    "price/unit": "(17,92 \u20ac / kg)\r\n        "
  },
  {
    "name": "Vinnutatud seljakarbonaad N\u00d5O 100g",
    "price": "1,75 \u20ac",
    "price/unit": "(17,50 \u20ac / kg)\r\n        "
  },
  {
    "name": "Smoky Chick Snack TALLEGG 80g",
    "price": "1,99 \u20ac",
    "price/unit": "(24,88 \u20ac / kg)\r\n        "
  },
  {
    "name": "Vinn. vorstivalik TAPAS ELPOZO 120g",
    "price": "2,59 \u20ac",
    "price/unit": "(21,58 \u20ac / kg)\r\n        "
  },
  {
    "name": "Kanasigar TALLEGG, 200g",
    "price": "1,89 \u20ac",
    "price/unit": "(9,45 \u20ac / kg)\r\n        "
  },
  {
    "name": "Kanasigar juustu TALLEGG, 200g",
    "price": "1,89 \u20ac",
    "price/unit": "(9,45 \u20ac / kg)\r\n        "
  },
  {
    "name": "Vinn.sink Jamon Serrano ELPOZO, 60g viil",
    "price": "1,29 \u20ac",
    "price/unit": "(21,50 \u20ac / kg)\r\n        "
  },
  {
    "name": "Vinn. serrano sink RAKVERE, 105g",
    "price": "2,99 \u20ac",
    "price/unit": "(28,48 \u20ac / kg)\r\n        "
  },
  {
    "name": "K-s peekonit\u00fckk termos, kg (Saaremaa)",
    "price": "6,59 \u20ac",
    "price/unit": "(6,59 \u20ac / kg)\r\n        "
  },
  {
    "name": "Pizzakate SAAREMAA 370g MAP",
    "price": "1,79 \u20ac",
    "price/unit": "(4,84 \u20ac / kg)\r\n        "
  },
  {
    "name": "Rulaad N\u00d5O 135g",
    "price": "1,55 \u20ac",
    "price/unit": "(11,48 \u20ac / kg)\r\n        "
  },
  {
    "name": "Kaelakarbonaad N\u00d5O w 135g",
    "price": "1,19 \u20ac",
    "price/unit": "(8,81 \u20ac / kg)\r\n        "
  },
  {
    "name": "Maasuitsuribiliha N\u00d5O 135g viil.",
    "price": "1,19 \u20ac",
    "price/unit": "(8,81 \u20ac / kg)\r\n        "
  },
  {
    "name": "Maamehe suitsusink N\u00d5O, 105g",
    "price": "1,45 \u20ac",
    "price/unit": "(13,81 \u20ac / kg)\r\n        "
  },
  {
    "name": "Suitsutatud kalkunirinnafilee RANN. 120g",
    "price": "1,69 \u20ac",
    "price/unit": "(14,08 \u20ac / kg)\r\n        "
  },
  {
    "name": "Suitsut. broilerikoib RANNAM\u00d5ISA, kg",
    "price": "4,59 \u20ac",
    "price/unit": "(4,59 \u20ac / kg)\r\n        "
  },
  {
    "name": "Suitsup\u00f5sk SAAREMAA, kg",
    "price": "5,39 \u20ac",
    "price/unit": "(5,39 \u20ac / kg)\r\n        "
  },
  {
    "name": "Suit.broilerikints.kondita RANNAM\u00d5ISA,kg",
    "price": "8,99 \u20ac",
    "price/unit": "(8,99 \u20ac / kg)\r\n        "
  },
  {
    "name": "\u00d5llesn\u00e4kk W\u00d5RO 300g",
    "price": "1,99 \u20ac",
    "price/unit": "(6,63 \u20ac / kg)\r\n        "
  },
  {
    "name": "Rulaad RAKVERE, kg",
    "price": "6,49 \u20ac",
    "price/unit": "(6,49 \u20ac / kg)\r\n        "
  },
  {
    "name": "Hommikupeekon N\u00d5O 135g",
    "price": "1,42 \u20ac",
    "price/unit": "(10,52 \u20ac / kg)\r\n        "
  },
  {
    "name": "Toorsuitsu kalk.kintsuliha Prantsuse120g",
    "price": "1,89 \u20ac",
    "price/unit": "(15,75 \u20ac / kg)\r\n        "
  },
  {
    "name": "Seaseljakarbonaad SAAREMAA 120g viil.",
    "price": "1,69 \u20ac",
    "price/unit": "(14,08 \u20ac / kg)\r\n        "
  },
  {
    "name": "R\u00fc\u00fctli sink viil. 120g (Saaremaa)",
    "price": "1,39 \u20ac",
    "price/unit": "(11,58 \u20ac / kg)\r\n        "
  },
  {
    "name": "Kuumsuitsupeekon SAAREMAA 120g viil.",
    "price": "1,59 \u20ac",
    "price/unit": "(13,25 \u20ac / kg)\r\n        "
  },
  {
    "name": "Seljafilee OSKAR,105g",
    "price": "1,39 \u20ac",
    "price/unit": "(13,24 \u20ac / kg)\r\n        "
  },
  {
    "name": "Suitsutatud seakoot SAAREMAA,kg (term.)",
    "price": "3,89 \u20ac",
    "price/unit": "(3,89 \u20ac / kg)\r\n        "
  },
  {
    "name": "Delikatessrulaad kanalihast TALLEGG 150g",
    "price": "1,99 \u20ac",
    "price/unit": "(13,27 \u20ac / kg)\r\n        "
  },
  {
    "name": "Maasuitsuribiliha, kg-lett",
    "price": "7,49 \u20ac",
    "price/unit": "(7,49 \u20ac / kg)\r\n        "
  },
  {
    "name": "Broilerifileesink N\u00d5O 135g viil",
    "price": "1,56 \u20ac",
    "price/unit": "(11,56 \u20ac / kg)\r\n        "
  },
  {
    "name": "Pitsakate N\u00d5O 300g (gaasipakendis)",
    "price": "1,95 \u20ac",
    "price/unit": "(6,50 \u20ac / kg)\r\n        "
  },
  {
    "name": "Keedusink Sikassaare viil.SAAREMAA,120g",
    "price": "1,49 \u20ac",
    "price/unit": "(12,42 \u20ac / kg)\r\n        "
  },
  {
    "name": "Maamehesink OSKAR 120g",
    "price": "1,85 \u20ac",
    "price/unit": "(15,42 \u20ac / kg)\r\n        "
  },
  {
    "name": "K\u00fc\u00fcslaugu pekk viil OSKAR 120g",
    "price": "1,35 \u20ac",
    "price/unit": "(11,25 \u20ac / kg)\r\n        "
  },
  {
    "name": "Kuums. taisink BIOVELA,kg-lett",
    "price": "8,49 \u20ac",
    "price/unit": "(8,49 \u20ac / kg)\r\n        "
  },
  {
    "name": "Kodusink RAKVERE,kg",
    "price": "6,99 \u20ac",
    "price/unit": "(6,99 \u20ac / kg)\r\n        "
  },
  {
    "name": "Sauna sink SAAREMAA, kg",
    "price": "9,99 \u20ac",
    "price/unit": "(9,99 \u20ac / kg)\r\n        "
  },
  {
    "name": "Keedusink Viru RAKVERE kg",
    "price": "4,89 \u20ac",
    "price/unit": "(4,89 \u20ac / kg)\r\n        "
  },
  {
    "name": "Toorsuitsu veisesink OSKAR 70g",
    "price": "2,09 \u20ac",
    "price/unit": "(29,86 \u20ac / kg)\r\n        "
  },
  {
    "name": "Veise v\u00fcrtsisink OSKAR 100g",
    "price": "1,55 \u20ac",
    "price/unit": "(15,50 \u20ac / kg)\r\n        "
  },
  {
    "name": "Veiserind OSKAR 100g",
    "price": "1,49 \u20ac",
    "price/unit": "(14,90 \u20ac / kg)\r\n        "
  },
  {
    "name": "Sauna sink SAAREMAA, kg (term.)",
    "price": "9,39 \u20ac",
    "price/unit": "(9,39 \u20ac / kg)\r\n        "
  },
  {
    "name": "Suitsusingike RAKVERE,kg-lett",
    "price": "6,99 \u20ac",
    "price/unit": "(6,99 \u20ac / kg)\r\n        "
  },
  {
    "name": "Suitsusingike RAKVERE, 350g",
    "price": "2,69 \u20ac",
    "price/unit": "(7,69 \u20ac / kg)\r\n        "
  },
  {
    "name": "J\u00f5mmu sink A-VORST,kg(termo)",
    "price": "8,79 \u20ac",
    "price/unit": "(8,79 \u20ac / kg)\r\n        "
  },
  {
    "name": "Rakvere suitsusink 350g",
    "price": "1,99 \u20ac",
    "price/unit": "(5,69 \u20ac / kg)\r\n        "
  },
  {
    "name": "Kuumsuitsu seakarbonaad LIIVIMAA,kg",
    "price": "6,99 \u20ac",
    "price/unit": "(6,99 \u20ac / kg)\r\n        "
  },
  {
    "name": "L\u00f5unasink viilutatud OSKAR,300g",
    "price": "1,75 \u20ac",
    "price/unit": "(5,83 \u20ac / kg)\r\n        "
  },
  {
    "name": "Ameerikap\u00e4rane toor/s.peekon RAKVERE",
    "price": "1,69 \u20ac",
    "price/unit": "(11,27 \u20ac / kg)\r\n        "
  },
  {
    "name": "K\u00fclmsuitsupeekon BIOVELA, 200g",
    "price": "2,49 \u20ac",
    "price/unit": "(12,45 \u20ac / kg)\r\n        "
  },
  {
    "name": "Suitsutatud seav\u00e4lisfilee RAKVERE 130g",
    "price": "1,28 \u20ac",
    "price/unit": "(9,85 \u20ac / kg)\r\n        "
  },
  {
    "name": "Suitsupeekon RAKVERE130g",
    "price": "1,59 \u20ac",
    "price/unit": "(12,23 \u20ac / kg)\r\n        "
  },
  {
    "name": "Suitsutatud veisesink RAKVERE 130g",
    "price": "1,65 \u20ac",
    "price/unit": "(12,69 \u20ac / kg)\r\n        "
  },
  {
    "name": "Kanasink tilliga TALLEGG 190g",
    "price": "1,29 \u20ac",
    "price/unit": "(6,79 \u20ac / kg)\r\n        "
  },
  {
    "name": "Kanafileesink TALLEGG 190g",
    "price": "1,38 \u20ac",
    "price/unit": "(7,26 \u20ac / kg)\r\n        "
  },
  {
    "name": "Veisesink Liivimaa N\u00d5O,kg-lett",
    "price": "9,99 \u20ac",
    "price/unit": "(9,99 \u20ac / kg)\r\n        "
  },
  {
    "name": "Toorsuitsut.seav\u00e4lisfilee RAKVERE 130g",
    "price": "1,89 \u20ac",
    "price/unit": "(14,54 \u20ac / kg)\r\n        "
  },
  {
    "name": "Ribisn\u00e4kk RAKVERE 300g",
    "price": "1,99 \u20ac",
    "price/unit": "(6,63 \u20ac / kg)\r\n        "
  },
  {
    "name": "Klassikaline ahjukana TALLEGG, kg",
    "price": "3,99 \u20ac",
    "price/unit": "(3,99 \u20ac / kg)\r\n        "
  },
  {
    "name": "Klassikaline \u0161a\u0161l\u00f5kk MAKS&MOORITS,600g",
    "price": "3,59 \u20ac",
    "price/unit": "(5,98 \u20ac / kg)\r\n        "
  },
  {
    "name": "Seakints k\u00fc\u00fcslaugumarinaadis MK,kg",
    "price": "5,99 \u20ac",
    "price/unit": "(5,99 \u20ac / kg)\r\n        "
  },
  {
    "name": "Sealiha\u0161a\u0161l\u00f5kk pikantne MK, kg",
    "price": "4,99 \u20ac",
    "price/unit": "(4,99 \u20ac / kg)\r\n        "
  },
  {
    "name": "Grill-ribi RAKVERE, kg",
    "price": "5,49 \u20ac",
    "price/unit": "(5,49 \u20ac / kg)\r\n        "
  },
  {
    "name": "Toor.grillvorstid lambasooles VK ,500g",
    "price": "4,15 \u20ac",
    "price/unit": "(8,30 \u20ac / kg)\r\n        "
  },
  {
    "name": "Armeenia grill-liha M&M, 500g",
    "price": "3,79 \u20ac",
    "price/unit": "(7,58 \u20ac / kg)\r\n        "
  },
  {
    "name": "Klassikaline ahjubroiler RANNAM\u00d5ISA, kg",
    "price": "3,85 \u20ac",
    "price/unit": "(3,85 \u20ac / kg)\r\n        "
  },
  {
    "name": "Jahut. toorvorstikesed LEMMIK MK, kg",
    "price": "4,49 \u20ac",
    "price/unit": "(4,49 \u20ac / kg)\r\n        "
  },
  {
    "name": "Gruusia \u0161a\u0161l\u00f5kk RANNAROOTSI 1kg",
    "price": "6,99 \u20ac",
    "price/unit": "(6,99 \u20ac / kg)\r\n        "
  },
  {
    "name": "Laste toorvorstikesed RANNAROOTSI 450g",
    "price": "3,29 \u20ac",
    "price/unit": "(7,31 \u20ac / kg)\r\n        "
  },
  {
    "name": "Soolapeekon N\u00d5O,kg",
    "price": "4,79 \u20ac",
    "price/unit": "(4,79 \u20ac / kg)\r\n        "
  },
  {
    "name": "\u0160a\u0161l\u00f5kivorst lambasool.RAKVERE,450g",
    "price": "2,79 \u20ac",
    "price/unit": "(6,20 \u20ac / kg)\r\n        "
  },
  {
    "name": "Grill-liha mustikamarin. RAKVERE,500g",
    "price": "3,49 \u20ac",
    "price/unit": "(6,98 \u20ac / kg)\r\n        "
  },
  {
    "name": "Laste gr.vorst ploomidega RAKV.,450g",
    "price": "3,09 \u20ac",
    "price/unit": "(6,87 \u20ac / kg)\r\n        "
  },
  {
    "name": "Kanaf.medaljonid mahedamaits.KEKAVA,400g",
    "price": "2,69 \u20ac",
    "price/unit": "(6,73 \u20ac / kg)\r\n        "
  },
  {
    "name": "Sealiha\u0161a\u0161l\u00f5kk keefirimar. MK, kg",
    "price": "4,99 \u20ac",
    "price/unit": "(4,99 \u20ac / kg)\r\n        "
  },
  {
    "name": "Broileritiiva \u00f5laosa juustum.KEKAVA,500g",
    "price": "2,19 \u20ac",
    "price/unit": "(4,38 \u20ac / kg)\r\n        "
  },
  {
    "name": "Viini \u0161nitsel seav\u00e4lisfileest RR, 400 g",
    "price": "3,19 \u20ac",
    "price/unit": "(7,98 \u20ac / kg)\r\n        "
  },
  {
    "name": "Ahjuseakaelakarb. k\u00fc\u00fcslauguga MK, kg",
    "price": "6,29 \u20ac",
    "price/unit": "(6,29 \u20ac / kg)\r\n        "
  },
  {
    "name": "Seakaelakarbonaad marinaadis MK, kg",
    "price": "5,99 \u20ac",
    "price/unit": "(5,99 \u20ac / kg)\r\n        "
  },
  {
    "name": "Kodune ahjupraad RAKV, kg",
    "price": "3,69 \u20ac",
    "price/unit": "(3,69 \u20ac / kg)\r\n        "
  },
  {
    "name": "Br.filee\u0161a\u0161l\u00f5kk jogurtimar.Tallegg, 1kg",
    "price": "6,99 \u20ac",
    "price/unit": "(6,99 \u20ac / kg)\r\n        "
  },
  {
    "name": "Hakk-kotletid RAKVERE, 260g",
    "price": "1,39 \u20ac",
    "price/unit": "(5,35 \u20ac / kg)\r\n        "
  },
  {
    "name": "Kooreklops M&M, 600 g",
    "price": "3,99 \u20ac",
    "price/unit": "(6,65 \u20ac / kg)\r\n        "
  },
  {
    "name": "Kanaliha \u0161a\u0161l\u00f5kk UVIC, 500g",
    "price": "2,99 \u20ac",
    "price/unit": "(5,98 \u20ac / kg)\r\n        "
  },
  {
    "name": "Broilerifil. jog-tilliga TALLEGG,kg-lett",
    "price": "5,99 \u20ac",
    "price/unit": "(5,99 \u20ac / kg)\r\n        "
  },
  {
    "name": "Br.poolkoiv. klassik.marin. RM, 850g",
    "price": "2,93 \u20ac",
    "price/unit": "(3,45 \u20ac / kg)\r\n        "
  },
  {
    "name": "Armeenia \u0161a\u0161l\u00f5kk ARMEENIA GRILL, kg",
    "price": "7,89 \u20ac",
    "price/unit": "(7,89 \u20ac / kg)\r\n        "
  },
  {
    "name": "Sea \u0161a\u0161l\u00f5kk ARMEENIA GRILL,kg",
    "price": "7,89 \u20ac",
    "price/unit": "(7,89 \u20ac / kg)\r\n        "
  },
  {
    "name": "Kana \u0161a\u0161l\u00f5kk ARMEENIA GRILL, kg",
    "price": "8,39 \u20ac",
    "price/unit": "(8,39 \u20ac / kg)\r\n        "
  },
  {
    "name": "Broileritiivad klassikal.mar. RM,850g",
    "price": "3,19 \u20ac",
    "price/unit": "(3,75 \u20ac / kg)\r\n        "
  },
  {
    "name": "Gruusia \u0161a\u0161l\u00f5kk M&M,800g",
    "price": "5,59 \u20ac",
    "price/unit": "(6,99 \u20ac / kg)\r\n        "
  },
  {
    "name": "Sealihagulja\u0161\u0161 MK,kg",
    "price": "4,49 \u20ac",
    "price/unit": "(4,49 \u20ac / kg)\r\n        "
  },
  {
    "name": "Kr\u00f5bedad lihapulgad RANNAROOTSI,500g",
    "price": "3,79 \u20ac",
    "price/unit": "(7,58 \u20ac / kg)\r\n        "
  },
  {
    "name": "Kodune ahjupraad MAKS&MOORITS, kg",
    "price": "3,99 \u20ac",
    "price/unit": "(3,99 \u20ac / kg)\r\n        "
  },
  {
    "name": "Kolme sibula \u0161a\u0161l\u00f5kk M&M, 1kg",
    "price": "5,99 \u20ac",
    "price/unit": "(5,99 \u20ac / kg)\r\n        "
  },
  {
    "name": "EHE Klassikalised toorvorstid RR,450 g",
    "price": "3,49 \u20ac",
    "price/unit": "(7,76 \u20ac / kg)\r\n        "
  },
  {
    "name": "Maitselt mahedad toorvorstikes. M&M,450g",
    "price": "3,39 \u20ac",
    "price/unit": "(7,53 \u20ac / kg)\r\n        "
  },
  {
    "name": "Maitselt mahedad toorvorstikes.M&M,1.5kg",
    "price": "10,49 \u20ac",
    "price/unit": "(6,99 \u20ac / kg)\r\n        "
  },
  {
    "name": "Jogurti-piparm\u00fcndi grill-liha RR,550g",
    "price": "4,09 \u20ac",
    "price/unit": "(7,44 \u20ac / kg)\r\n        "
  },
  {
    "name": "Lasteviiner RAKVERE 290g",
    "price": "1,42 \u20ac",
    "price/unit": "(4,90 \u20ac / kg)\r\n        "
  },
  {
    "name": "Viiner RAKVERE 500g",
    "price": "1,53 \u20ac",
    "price/unit": "(3,06 \u20ac / kg)\r\n        "
  },
  {
    "name": "Sealihasardell RANNAROOTSI 500g MAP",
    "price": "2,29 \u20ac",
    "price/unit": "(4,58 \u20ac / kg)\r\n        "
  },
  {
    "name": "Suitsusardell RANNAROOTSI 500g MAP",
    "price": "2,19 \u20ac",
    "price/unit": "(4,38 \u20ac / kg)\r\n        "
  },
  {
    "name": "Pereviiner 500g",
    "price": "1,29 \u20ac",
    "price/unit": "(2,58 \u20ac / kg)\r\n        "
  },
  {
    "name": "Lemmikviiner  SAAREMAA,440g",
    "price": "3,19 \u20ac",
    "price/unit": "(7,25 \u20ac / kg)\r\n        "
  },
  {
    "name": "Hot Dog kanalihast RANNAM\u00d5ISA 500g",
    "price": "1,15 \u20ac",
    "price/unit": "(2,30 \u20ac / kg)\r\n        "
  },
  {
    "name": "Viiner P\u00d5HJAT\u00c4HT 500g",
    "price": "1,09 \u20ac",
    "price/unit": "(2,18 \u20ac / kg)\r\n        "
  },
  {
    "name": "Lihaviiner (e-vaba) OSKAR 125g",
    "price": "0,99 \u20ac",
    "price/unit": "(7,92 \u20ac / kg)\r\n        "
  },
  {
    "name": "Kuldne grillvorst RANNAROOTSI\u00a0800g",
    "price": "3,89 \u20ac",
    "price/unit": "(4,86 \u20ac / kg)\r\n        "
  },
  {
    "name": "Lasteviiner kalkunilih.RANNAM\u00d5ISA,280g",
    "price": "1,81 \u20ac",
    "price/unit": "(6,46 \u20ac / kg)\r\n        "
  },
  {
    "name": "EHE suitsusardell RANNAROOTSI,375g",
    "price": "2,59 \u20ac",
    "price/unit": "(6,91 \u20ac / kg)\r\n        "
  },
  {
    "name": "T\u00e4islihaviiner N\u00d5O, 310g",
    "price": "2,49 \u20ac",
    "price/unit": "(8,03 \u20ac / kg)\r\n        "
  },
  {
    "name": "T\u00e4islihaviiner suitsutatud N\u00d5O,310g",
    "price": "2,73 \u20ac",
    "price/unit": "(8,81 \u20ac / kg)\r\n        "
  },
  {
    "name": "Juustuviiner RANNAROOTSI,330g",
    "price": "1,65 \u20ac",
    "price/unit": "(5,00 \u20ac / kg)\r\n        "
  },
  {
    "name": "Priske sealihasardell M&M, 500g",
    "price": "1,95 \u20ac",
    "price/unit": "(3,90 \u20ac / kg)\r\n        "
  },
  {
    "name": "J\u00e4\u00e4grivorst kalkunilihast 500g",
    "price": "2,99 \u20ac",
    "price/unit": "(5,98 \u20ac / kg)\r\n        "
  },
  {
    "name": "Kuldne grillvorst juustuga 500g",
    "price": "1,99 \u20ac",
    "price/unit": "(3,98 \u20ac / kg)\r\n        "
  },
  {
    "name": "RANNAROOTSI viiner 400g",
    "price": "1,69 \u20ac",
    "price/unit": "(4,23 \u20ac / kg)\r\n        "
  },
  {
    "name": "V\u00e4ike viiner M&M 260g",
    "price": "0,89 \u20ac",
    "price/unit": "(3,42 \u20ac / kg)\r\n        "
  },
  {
    "name": "T\u00f5eline sardell rohke veisega UVIC, 500g",
    "price": "2,49 \u20ac",
    "price/unit": "(4,98 \u20ac / kg)\r\n        "
  },
  {
    "name": "T\u00e4ispiima miniviiner RANNAROOTSI, 330g",
    "price": "1,69 \u20ac",
    "price/unit": "(5,12 \u20ac / kg)\r\n        "
  },
  {
    "name": "Rakvere miniviiner, 360g",
    "price": "1,69 \u20ac",
    "price/unit": "(4,69 \u20ac / kg)\r\n        "
  },
  {
    "name": "Keeduvorst Juustu RAKVERE 300g",
    "price": "1,30 \u20ac",
    "price/unit": "(4,33 \u20ac / kg)\r\n        "
  },
  {
    "name": "Keeduvorst Laste RAKVERE 300g",
    "price": "1,13 \u20ac",
    "price/unit": "(3,77 \u20ac / kg)\r\n        "
  },
  {
    "name": "Keeduvorst Doktori RAKVERE 300g",
    "price": "1,13 \u20ac",
    "price/unit": "(3,77 \u20ac / kg)\r\n        "
  },
  {
    "name": "Keeduvorst Laste RAKVERE 190g",
    "price": "0,75 \u20ac",
    "price/unit": "(3,95 \u20ac / kg)\r\n        "
  },
  {
    "name": "Poolsuitsuvorst T\u00e4pi N\u00d5O 135g (viil)",
    "price": "1,49 \u20ac",
    "price/unit": "(11,04 \u20ac / kg)\r\n        "
  },
  {
    "name": "Keedusalaami Vasalli N\u00d5O 105g",
    "price": "1,42 \u20ac",
    "price/unit": "(13,52 \u20ac / kg)\r\n        "
  },
  {
    "name": "Poolsuitsuvorst T\u00f5mmu W\u00d5RO 350g",
    "price": "1,29 \u20ac",
    "price/unit": "(3,69 \u20ac / kg)\r\n        "
  },
  {
    "name": "Keeduvorst Lemmik RAN.(nat. kes) term,kg",
    "price": "5,59 \u20ac",
    "price/unit": "(5,59 \u20ac / kg)\r\n        "
  },
  {
    "name": "Lastevorst L PJ RAKVERE, kg-lett",
    "price": "3,39 \u20ac",
    "price/unit": "(3,39 \u20ac / kg)\r\n        "
  },
  {
    "name": "Doktorivorst L PJ RAKVERE, kg-lett",
    "price": "4,59 \u20ac",
    "price/unit": "(4,59 \u20ac / kg)\r\n        "
  },
  {
    "name": "Juustuvorst L PJ RAKVERE, kg-lett",
    "price": "4,19 \u20ac",
    "price/unit": "(4,19 \u20ac / kg)\r\n        "
  },
  {
    "name": "Poolsuitsuvorst Wolli W\u00d5RO 350g",
    "price": "1,52 \u20ac",
    "price/unit": "(4,34 \u20ac / kg)\r\n        "
  },
  {
    "name": "Juustu-poolsuitsuvorst RANNAROOTSI 330g",
    "price": "2,05 \u20ac",
    "price/unit": "(6,21 \u20ac / kg)\r\n        "
  },
  {
    "name": "T\u00e4issuitsuvorst M\u00fcndi OSKAR 210g",
    "price": "2,65 \u20ac",
    "price/unit": "(12,62 \u20ac / kg)\r\n        "
  },
  {
    "name": "Toorsalaami Tarbatu N\u00d5O 105g (viil)",
    "price": "1,59 \u20ac",
    "price/unit": "(15,14 \u20ac / kg)\r\n        "
  },
  {
    "name": "Suitsutatud Lastevorst M&M,550g",
    "price": "2,49 \u20ac",
    "price/unit": "(4,53 \u20ac / kg)\r\n        "
  },
  {
    "name": "Suitsutatud juustuvorst M&M,550g",
    "price": "2,69 \u20ac",
    "price/unit": "(4,89 \u20ac / kg)\r\n        "
  },
  {
    "name": "Suitsutatud keeduvorst Doktori M&M,550g",
    "price": "2,69 \u20ac",
    "price/unit": "(4,89 \u20ac / kg)\r\n        "
  },
  {
    "name": "Poolsuitsuvorst Krakov N\u00d5O 270g (pak)",
    "price": "1,39 \u20ac",
    "price/unit": "(5,15 \u20ac / kg)\r\n        "
  },
  {
    "name": "Keeduvorst Kevadine SAAREMAA 250g",
    "price": "1,35 \u20ac",
    "price/unit": "(5,40 \u20ac / kg)\r\n        "
  },
  {
    "name": "Keeduvorst juustuga SAAREMAA 250g",
    "price": "1,75 \u20ac",
    "price/unit": "(7,00 \u20ac / kg)\r\n        "
  },
  {
    "name": "Keeduvorst Laste SAAREMAA 150g viil",
    "price": "1,13 \u20ac",
    "price/unit": "(7,53 \u20ac / kg)\r\n        "
  },
  {
    "name": "Keeduvorst Laste SAAREMAA 250g",
    "price": "1,49 \u20ac",
    "price/unit": "(5,96 \u20ac / kg)\r\n        "
  },
  {
    "name": "Doktorivorst RAKVERE 600g",
    "price": "1,89 \u20ac",
    "price/unit": "(3,15 \u20ac / kg)\r\n        "
  },
  {
    "name": "Lastevorst RAKVERE, 600g",
    "price": "1,90 \u20ac",
    "price/unit": "(3,17 \u20ac / kg)\r\n        "
  },
  {
    "name": "T\u00e4issuitsuvorst Lossi N\u00d5O 105g",
    "price": "1,89 \u20ac",
    "price/unit": "(18,00 \u20ac / kg)\r\n        "
  },
  {
    "name": "Toors. salaami Kodune BIOVELA 110g viil",
    "price": "1,49 \u20ac",
    "price/unit": "(13,55 \u20ac / kg)\r\n        "
  },
  {
    "name": "T\u00e4issuitsuvorst Lossi N\u00d5O 285g",
    "price": "3,89 \u20ac",
    "price/unit": "(13,65 \u20ac / kg)\r\n        "
  },
  {
    "name": "Suitsutatud Juustuvorst N\u00d5O, 170g",
    "price": "1,39 \u20ac",
    "price/unit": "(8,18 \u20ac / kg)\r\n        "
  },
  {
    "name": "T\u00e4issuitsuvorst Moskva OSKAR,300g",
    "price": "4,59 \u20ac",
    "price/unit": "(15,30 \u20ac / kg)\r\n        "
  },
  {
    "name": "Poolsuitsuvorst Talu UVIC 330g",
    "price": "1,19 \u20ac",
    "price/unit": "(3,61 \u20ac / kg)\r\n        "
  },
  {
    "name": "Kalkuni p/s vorst Hommiku RANNAM.,300g",
    "price": "1,19 \u20ac",
    "price/unit": "(3,97 \u20ac / kg)\r\n        "
  },
  {
    "name": "T\u00e4issuitsuvorst Pepperoni OSKAR 80g",
    "price": "1,49 \u20ac",
    "price/unit": "(18,63 \u20ac / kg)\r\n        "
  },
  {
    "name": "Toorsuitsuvorst Unistus BIOVELA,230g",
    "price": "2,59 \u20ac",
    "price/unit": "(11,26 \u20ac / kg)\r\n        "
  },
  {
    "name": "Lastevorst RANNAROOTSI,500+100g",
    "price": "2,09 \u20ac",
    "price/unit": "(3,48 \u20ac / kg)\r\n        "
  },
  {
    "name": "E-vaba t\u00e4issuitsuvorst viil OSKAR,120g",
    "price": "1,99 \u20ac",
    "price/unit": "(16,58 \u20ac / kg)\r\n        "
  },
  {
    "name": "Keeduvorst Yano, 800g",
    "price": "1,50 \u20ac",
    "price/unit": "(1,88 \u20ac / kg)\r\n        "
  },
  {
    "name": "Suitsutatud vorst Reval Uvic 230g",
    "price": "2,19 \u20ac",
    "price/unit": "(9,52 \u20ac / kg)\r\n        "
  },
  {
    "name": "T\u00e4issuitsuvorst SAAREMAA,220g",
    "price": "2,49 \u20ac",
    "price/unit": "(11,32 \u20ac / kg)\r\n        "
  },
  {
    "name": "Lemmik keeduvorst nat.sooles LOSSI,kg",
    "price": "5,99 \u20ac",
    "price/unit": "(5,99 \u20ac / kg)\r\n        "
  },
  {
    "name": "T\u00e4issuitsuvorst Moskva N\u00d5O,250g",
    "price": "2,69 \u20ac",
    "price/unit": "(10,76 \u20ac / kg)\r\n        "
  },
  {
    "name": "T/s vorst Ordu k\u00fc\u00fcslauguga N\u00d5O,250g",
    "price": "2,89 \u20ac",
    "price/unit": "(11,56 \u20ac / kg)\r\n        "
  },
  {
    "name": "Lastevorst Lihakas RAKVERE,360g",
    "price": "2,29 \u20ac",
    "price/unit": "(6,36 \u20ac / kg)\r\n        "
  },
  {
    "name": "Toorsuitsuvorst k\u00fc\u00fcslauguga LIIVIMA,230g",
    "price": "1,99 \u20ac",
    "price/unit": "(8,65 \u20ac / kg)\r\n        "
  },
  {
    "name": "Salaami ELPOZO,kg-lett",
    "price": "11,99 \u20ac",
    "price/unit": "(11,99 \u20ac / kg)\r\n        "
  },
  {
    "name": "Maitsesalaami KARNI,120g",
    "price": "1,55 \u20ac",
    "price/unit": "(12,92 \u20ac / kg)\r\n        "
  },
  {
    "name": "T\u00e4issuitsuvorst Moskva M&M,240g",
    "price": "1,99 \u20ac",
    "price/unit": "(8,29 \u20ac / kg)\r\n        "
  },
  {
    "name": "T\u00e4issuitsuvorst Tallinna UVIC, 230g",
    "price": "2,59 \u20ac",
    "price/unit": "(11,26 \u20ac / kg)\r\n        "
  },
  {
    "name": "Poolsuitsuvorst Krakov 300g, A-VORST",
    "price": "1,69 \u20ac",
    "price/unit": "(5,63 \u20ac / kg)\r\n        "
  },
  {
    "name": "P/S Vorst Ukraina k\u00fc\u00fcslauguga 650g",
    "price": "4,99 \u20ac",
    "price/unit": "(7,68 \u20ac / kg)\r\n        "
  },
  {
    "name": "Keedetud veisekeel, kg",
    "price": "13,99 \u20ac",
    "price/unit": "(13,99 \u20ac / kg)\r\n        "
  },
  {
    "name": "Keedetud seakeel, kg",
    "price": "13,99 \u20ac",
    "price/unit": "(13,99 \u20ac / kg)\r\n        "
  },
  {
    "name": "Jahutatud broilerimaks RANNAM\u00d5ISA,kg",
    "price": "2,19 \u20ac",
    "price/unit": "(2,19 \u20ac / kg)\r\n        "
  },
  {
    "name": "Jahutatud broileripugu RANNAM\u00d5ISA, kg",
    "price": "3,99 \u20ac",
    "price/unit": "(3,99 \u20ac / kg)\r\n        "
  },
  {
    "name": "Jahutatud broileris\u00fcda RANNAM\u00d5ISA, kg",
    "price": "3,99 \u20ac",
    "price/unit": "(3,99 \u20ac / kg)\r\n        "
  },
  {
    "name": "Jah. seakeel RAKVERE,720g",
    "price": "5,29 \u20ac",
    "price/unit": "(7,35 \u20ac / kg)\r\n        "
  },
  {
    "name": "Jahutatud br.kaelat\u00fckid KEKAVA, 450g",
    "price": "0,68 \u20ac",
    "price/unit": "(1,51 \u20ac / kg)\r\n        "
  },
  {
    "name": "Jah. pardis\u00fcda RM, 500g",
    "price": "1,39 \u20ac",
    "price/unit": "(2,78 \u20ac / kg)\r\n        "
  },
  {
    "name": "Jah. searaguu RAKVERE 1,3kg",
    "price": "1,49 \u20ac",
    "price/unit": "(1,15 \u20ac / kg)\r\n        "
  },
  {
    "name": "Jahutatud sea esijalad RAKVERE, 800g",
    "price": "2,09 \u20ac",
    "price/unit": "(2,61 \u20ac / kg)\r\n        "
  },
  {
    "name": "Sulatatud kalmaari tuubid, kg",
    "price": "11,39 \u20ac",
    "price/unit": "(11,39 \u20ac / kg)\r\n        "
  },
  {
    "name": "Sul. Vannamei viburh\u00e4nnak 70/80, kg",
    "price": "8,79 \u20ac",
    "price/unit": "(8,79 \u20ac / kg)\r\n        "
  },
  {
    "name": "Keed. Sul. Vannamei viburh\u00e4nnak 60/80,kg",
    "price": "9,49 \u20ac",
    "price/unit": "(9,49 \u20ac / kg)\r\n        "
  },
  {
    "name": "Keed. Sul. Vannamei viburh\u00e4nnak 30/40,kg",
    "price": "11,29 \u20ac",
    "price/unit": "(11,29 \u20ac / kg)\r\n        "
  },
  {
    "name": "Jahutatud l\u00f5he, kg",
    "price": "5,99 \u20ac",
    "price/unit": "(5,99 \u20ac / kg)\r\n        "
  },
  {
    "name": "Jahutatud l\u00f5hefilee, kg",
    "price": "9,69 \u20ac",
    "price/unit": "(9,69 \u20ac / kg)\r\n        "
  },
  {
    "name": "Jahutatud l\u00f5he steigid, ~2-3kg",
    "price": "16,29 \u20ac",
    "price/unit": "(16,29 \u20ac / kg)\r\n        "
  },
  {
    "name": "Sea-v\u00e4lisfilee kamaraga MK, kg",
    "price": "5,29 \u20ac",
    "price/unit": "(5,29 \u20ac / kg)\r\n        "
  },
  {
    "name": "Seapraad kondita MK, kg",
    "price": "4,79 \u20ac",
    "price/unit": "(4,79 \u20ac / kg)\r\n        "
  },
  {
    "name": "Sea-abaliha kondiga MK, kg",
    "price": "3,79 \u20ac",
    "price/unit": "(3,79 \u20ac / kg)\r\n        "
  },
  {
    "name": "Sea-v\u00e4lisfilee MK, kg",
    "price": "5,49 \u20ac",
    "price/unit": "(5,49 \u20ac / kg)\r\n        "
  },
  {
    "name": "Sea-sisefilee MK, kg",
    "price": "6,99 \u20ac",
    "price/unit": "(6,99 \u20ac / kg)\r\n        "
  },
  {
    "name": "Sea abaliha MK, kg",
    "price": "3,89 \u20ac",
    "price/unit": "(3,89 \u20ac / kg)\r\n        "
  },
  {
    "name": "Seakaelakarbonaad MK, kg",
    "price": "5,49 \u20ac",
    "price/unit": "(5,49 \u20ac / kg)\r\n        "
  },
  {
    "name": "Seapraad kamaraga MK, kg",
    "price": "4,59 \u20ac",
    "price/unit": "(4,59 \u20ac / kg)\r\n        "
  },
  {
    "name": "Seagulja\u0161\u0161 450g",
    "price": "2,19 \u20ac",
    "price/unit": "(4,87 \u20ac / kg)\r\n        "
  },
  {
    "name": "Jahutatud sea kaelakarbonaad RIVASAM, kg",
    "price": "3,75 \u20ac",
    "price/unit": "(3,75 \u20ac / kg)\r\n        "
  },
  {
    "name": "Seakaelakarbonaadi l\u00f5igud MK, 570g",
    "price": "3,39 \u20ac",
    "price/unit": "(5,95 \u20ac / kg)\r\n        "
  },
  {
    "name": "Sea v\u00e4lisfilee l\u00f5igud MK, 490g",
    "price": "2,89 \u20ac",
    "price/unit": "(5,90 \u20ac / kg)\r\n        "
  },
  {
    "name": "Peekonil\u00f5igud MK, 560g",
    "price": "2,89 \u20ac",
    "price/unit": "(5,16 \u20ac / kg)\r\n        "
  },
  {
    "name": "Jah.Sea hakkliha MK, kg",
    "price": "4,49 \u20ac",
    "price/unit": "(4,49 \u20ac / kg)\r\n        "
  },
  {
    "name": "Jah. Veisehakkliha MK, kg",
    "price": "7,49 \u20ac",
    "price/unit": "(7,49 \u20ac / kg)\r\n        "
  },
  {
    "name": "Jah.veise- seahakkliha MK, kg",
    "price": "4,99 \u20ac",
    "price/unit": "(4,99 \u20ac / kg)\r\n        "
  },
  {
    "name": "Broilerihakklihasegu, TALLEGG 300 g",
    "price": "1,79 \u20ac",
    "price/unit": "(5,97 \u20ac / kg)\r\n        "
  },
  {
    "name": "Hakitud kalkuni kintsuliha RANNAM.,450g",
    "price": "2,09 \u20ac",
    "price/unit": "(4,64 \u20ac / kg)\r\n        "
  },
  {
    "name": "Hakkliha Kodune RAKVERE, 400g",
    "price": "1,95 \u20ac",
    "price/unit": "(4,88 \u20ac / kg)\r\n        "
  },
  {
    "name": "Hakkliha Kodune UVIC,500g",
    "price": "1,18 \u20ac",
    "price/unit": "(2,36 \u20ac / kg)\r\n        "
  },
  {
    "name": "Hakkliha sea- ja veiselihast RAKV.,400g",
    "price": "2,09 \u20ac",
    "price/unit": "(5,23 \u20ac / kg)\r\n        "
  },
  {
    "name": "Kodune hakkliha M&M, 500g",
    "price": "2,29 \u20ac",
    "price/unit": "(4,58 \u20ac / kg)\r\n        "
  },
  {
    "name": "K\u00fclmutatud kalapulgad ESVA, 250g",
    "price": "0,81 \u20ac",
    "price/unit": "(3,24 \u20ac / kg)\r\n        "
  },
  {
    "name": "K\u00fclm. paneeritud krabis\u00f5rg VICI,250g",
    "price": "1,69 \u20ac",
    "price/unit": "(6,76 \u20ac / kg)\r\n        "
  },
  {
    "name": "K\u00fclmutatud kalapulgad SILVER, ESVA 250g",
    "price": "1,29 \u20ac",
    "price/unit": "(5,16 \u20ac / kg)\r\n        "
  },
  {
    "name": "K\u00fclm. paneeritud fileepala ESVA, 285g",
    "price": "2,19 \u20ac",
    "price/unit": "(7,68 \u20ac / kg)\r\n        "
  },
  {
    "name": "K\u00fclm. kalapulgad kiles ESVA, 400g",
    "price": "1,75 \u20ac",
    "price/unit": "(4,38 \u20ac / kg)\r\n        "
  },
  {
    "name": "K\u00fclm. paneeritud mintaifilee VICI, 400g",
    "price": "3,29 \u20ac",
    "price/unit": "(8,23 \u20ac / kg)\r\n        "
  },
  {
    "name": "K\u00fclmutatud kalapulgad ESVA, 450g",
    "price": "1,09 \u20ac",
    "price/unit": "(2,42 \u20ac / kg)\r\n        "
  },
  {
    "name": "K\u00fclm. paneeritud heigifilee ESVA, 400g",
    "price": "3,39 \u20ac",
    "price/unit": "(8,48 \u20ac / kg)\r\n        "
  },
  {
    "name": "K\u00fclmutatud kalapulgad Columbus, 250g",
    "price": "0,79 \u20ac",
    "price/unit": "(3,16 \u20ac / kg)\r\n        "
  },
  {
    "name": "K\u00fclm. koorimata krevetid Subland, 325g",
    "price": "4,49 \u20ac",
    "price/unit": "(13,82 \u20ac / kg)\r\n        "
  },
  {
    "name": "K\u00fclm. kooritud krevetid Marine, 400g",
    "price": "11,49 \u20ac",
    "price/unit": "(28,73 \u20ac / kg)\r\n        "
  },
  {
    "name": "K\u00fclmutatud r\u00e4im peaga, 500g",
    "price": "1,29 \u20ac",
    "price/unit": "(2,58 \u20ac / kg)\r\n        "
  },
  {
    "name": "K\u00fclm.paneer. hakitud kalafilee VICI,800g",
    "price": "3,99 \u20ac",
    "price/unit": "(4,99 \u20ac / kg)\r\n        "
  },
  {
    "name": "K\u00fclmutatud l\u00f5hefileeportsioonid 250g",
    "price": "6,89 \u20ac",
    "price/unit": "(27,56 \u20ac / kg)\r\n        "
  },
  {
    "name": "K\u00fclm. kalapulgad Smart Choice 250g, VICI",
    "price": "0,59 \u20ac",
    "price/unit": "(2,36 \u20ac / kg)\r\n        "
  },
  {
    "name": "K\u00fclm.Panko kalafileepulgad VICI,285g",
    "price": "2,25 \u20ac",
    "price/unit": "(7,89 \u20ac / kg)\r\n        "
  },
  {
    "name": "K\u00fclm.Keed.Krevetid 30/40,FISH PORT,225g",
    "price": "5,49 \u20ac",
    "price/unit": "(24,40 \u20ac / kg)\r\n        "
  },
  {
    "name": "K\u00fclm.Krevetid 30/40, FISH PORT, 400g",
    "price": "7,49 \u20ac",
    "price/unit": "(18,73 \u20ac / kg)\r\n        "
  },
  {
    "name": "K\u00fclmutatud mintaifilee nahata,1kg",
    "price": "4,19 \u20ac",
    "price/unit": "(4,19 \u20ac / kg)\r\n        "
  },
  {
    "name": "K\u00fclmutatud Argentina merluusi r\u00fcmp 800g",
    "price": "3,69 \u20ac",
    "price/unit": "(4,61 \u20ac / kg)\r\n        "
  },
  {
    "name": "Kanapihvid TALLEGG, 320g",
    "price": "0,93 \u20ac",
    "price/unit": "(2,91 \u20ac / kg)\r\n        "
  },
  {
    "name": "S\u00fclt RANNAROOTSI 330g",
    "price": "1,75 \u20ac",
    "price/unit": "(5,30 \u20ac / kg)\r\n        "
  },
  {
    "name": "V\u00e4ike kotlet KIKAS, 290g",
    "price": "0,79 \u20ac",
    "price/unit": "(2,72 \u20ac / kg)\r\n        "
  },
  {
    "name": "Po\u017earski kotlet  KIKAS, 300g",
    "price": "1,46 \u20ac",
    "price/unit": "(4,87 \u20ac / kg)\r\n        "
  },
  {
    "name": "Sealihas\u00fclt MAKS&MOORITS 300g karp",
    "price": "1,19 \u20ac",
    "price/unit": "(3,97 \u20ac / kg)\r\n        "
  },
  {
    "name": "Veiselihas\u00fclt UVIC 330g",
    "price": "1,99 \u20ac",
    "price/unit": "(6,03 \u20ac / kg)\r\n        "
  },
  {
    "name": "Kanalihas\u00fclt UVIC 330g",
    "price": "1,75 \u20ac",
    "price/unit": "(5,30 \u20ac / kg)\r\n        "
  },
  {
    "name": "Kananagitsad KEKAVA, 310g",
    "price": "1,59 \u20ac",
    "price/unit": "(5,13 \u20ac / kg)\r\n        "
  },
  {
    "name": "Delikatess keeletarrend OSKAR 130g",
    "price": "1,05 \u20ac",
    "price/unit": "(8,08 \u20ac / kg)\r\n        "
  },
  {
    "name": "Broil.kintsufilee rulaad dek.RANNAM kg",
    "price": "5,59 \u20ac",
    "price/unit": "(5,59 \u20ac / kg)\r\n        "
  },
  {
    "name": "Kuum/s kalkunikintsuliharul RANNAM.,450g",
    "price": "3,29 \u20ac",
    "price/unit": "(7,31 \u20ac / kg)\r\n        "
  },
  {
    "name": "Kana-juustupihvid TALLEGG, 320g",
    "price": "1,05 \u20ac",
    "price/unit": "(3,28 \u20ac / kg)\r\n        "
  },
  {
    "name": "Sealihas\u00fclt OSKAR,330g",
    "price": "1,75 \u20ac",
    "price/unit": "(5,30 \u20ac / kg)\r\n        "
  },
  {
    "name": "Kiievi kotlet KIKAS, 220g",
    "price": "1,85 \u20ac",
    "price/unit": "(8,41 \u20ac / kg)\r\n        "
  },
  {
    "name": "Kananagitsad TALLEGG, 350g",
    "price": "1,49 \u20ac",
    "price/unit": "(4,26 \u20ac / kg)\r\n        "
  },
  {
    "name": "Kanafilee hakk\u0161nitsel TALLEGG, 340g",
    "price": "1,99 \u20ac",
    "price/unit": "(5,85 \u20ac / kg)\r\n        "
  },
  {
    "name": "Perepihvid RAKVERE, 400g",
    "price": "1,09 \u20ac",
    "price/unit": "(2,73 \u20ac / kg)\r\n        "
  },
  {
    "name": "Pihvid RAKVERE, 430g",
    "price": "1,69 \u20ac",
    "price/unit": "(3,93 \u20ac / kg)\r\n        "
  },
  {
    "name": "Pihvid juustuga RAKVERE, 390g",
    "price": "1,99 \u20ac",
    "price/unit": "(5,10 \u20ac / kg)\r\n        "
  },
  {
    "name": "Kanapallid VALLA, 1kg",
    "price": "2,29 \u20ac",
    "price/unit": "(2,29 \u20ac / kg)\r\n        "
  },
  {
    "name": "J\u00e4rlepa kotlet TALLEGG, 480g",
    "price": "1,45 \u20ac",
    "price/unit": "(3,02 \u20ac / kg)\r\n        "
  },
  {
    "name": "Kananagitsad juustuga KEKAVA, 310g",
    "price": "2,09 \u20ac",
    "price/unit": "(6,74 \u20ac / kg)\r\n        "
  },
  {
    "name": "Delikatessrulaad TALLEGG 500g",
    "price": "4,29 \u20ac",
    "price/unit": "(8,58 \u20ac / kg)\r\n        "
  },
  {
    "name": "Lihapihvid M&M, 400g",
    "price": "1,69 \u20ac",
    "price/unit": "(4,23 \u20ac / kg)\r\n        "
  },
  {
    "name": "Lihapihvid juustuga M&M, 400g",
    "price": "1,69 \u20ac",
    "price/unit": "(4,23 \u20ac / kg)\r\n        "
  },
  {
    "name": "Lihapallid W\u00d5RO, 600g",
    "price": "1,66 \u20ac",
    "price/unit": "(2,77 \u20ac / kg)\r\n        "
  },
  {
    "name": "Delikatessrulaad A-VORST, kg",
    "price": "8,69 \u20ac",
    "price/unit": "(8,69 \u20ac / kg)\r\n        "
  },
  {
    "name": "Kodused pihvid W\u00d5RO, 400g",
    "price": "1,69 \u20ac",
    "price/unit": "(4,23 \u20ac / kg)\r\n        "
  },
  {
    "name": "Mininagitsad TALLEGG, 300g",
    "price": "1,99 \u20ac",
    "price/unit": "(6,63 \u20ac / kg)\r\n        "
  },
  {
    "name": "Sulajuustut\u00e4idisega lihapihvid M&M,400g",
    "price": "2,59 \u20ac",
    "price/unit": "(6,48 \u20ac / kg)\r\n        "
  },
  {
    "name": "Jahutatud broilerifilee Tallegg, kg-lett",
    "price": "4,99 \u20ac",
    "price/unit": "(4,99 \u20ac / kg)\r\n        "
  },
  {
    "name": "Jahutatud broiler RANNAM\u00d5ISA, kg",
    "price": "2,49 \u20ac",
    "price/unit": "(2,49 \u20ac / kg)\r\n        "
  },
  {
    "name": "Jahut. broilerikoib alusel RANNAM\u00d5ISA,kg",
    "price": "1,99 \u20ac",
    "price/unit": "(1,99 \u20ac / kg)\r\n        "
  },
  {
    "name": "Jahutatud kalkunikintsuliha RANNAM., kg",
    "price": "6,99 \u20ac",
    "price/unit": "(6,99 \u20ac / kg)\r\n        "
  },
  {
    "name": "Broil. kintsuliha nahata, kondita RAN,kg",
    "price": "3,99 \u20ac",
    "price/unit": "(3,99 \u20ac / kg)\r\n        "
  },
  {
    "name": "Jah.kalkunirinnafilee RANNAM\u00d5ISA,kg",
    "price": "7,99 \u20ac",
    "price/unit": "(7,99 \u20ac / kg)\r\n        "
  },
  {
    "name": "Jahut. broilerifilee RANNAM., kg",
    "price": "5,35 \u20ac",
    "price/unit": "(5,35 \u20ac / kg)\r\n        "
  },
  {
    "name": "Jah. broilerikoivad Tallegg, kg-lett",
    "price": "2,49 \u20ac",
    "price/unit": "(2,49 \u20ac / kg)\r\n        "
  },
  {
    "name": "Jah. br. poolkoivad TALLEGG, kg-lett",
    "price": "2,99 \u20ac",
    "price/unit": "(2,99 \u20ac / kg)\r\n        "
  },
  {
    "name": "Jah. broilerikintsud TALLEGG, kg-lett",
    "price": "2,89 \u20ac",
    "price/unit": "(2,89 \u20ac / kg)\r\n        "
  },
  {
    "name": "Jah. broileritiivad TALLEGG, kg-lett",
    "price": "3,69 \u20ac",
    "price/unit": "(3,69 \u20ac / kg)\r\n        "
  },
  {
    "name": "Broileririnnak (nahata) RANNAM\u00d5ISA, kg",
    "price": "4,69 \u20ac",
    "price/unit": "(4,69 \u20ac / kg)\r\n        "
  },
  {
    "name": "Jahutatud pardikoib,kg",
    "price": "7,69 \u20ac",
    "price/unit": "(7,69 \u20ac / kg)\r\n        "
  },
  {
    "name": "Jahutatud pardi rinnafilee nahaga,kg",
    "price": "11,49 \u20ac",
    "price/unit": "(11,49 \u20ac / kg)\r\n        "
  },
  {
    "name": "Jah.kalkunirinnaliha RANNAM\u00d5ISA,kg",
    "price": "6,59 \u20ac",
    "price/unit": "(6,59 \u20ac / kg)\r\n        "
  },
  {
    "name": "Jahutatud kalkunikintsuliha\u00a0, kg",
    "price": "4,79 \u20ac",
    "price/unit": "(4,79 \u20ac / kg)\r\n        "
  },
  {
    "name": "Jahutatud br.koivat\u00fckid RANNAM\u00d5ISA,kg",
    "price": "2,79 \u20ac",
    "price/unit": "(2,79 \u20ac / kg)\r\n        "
  },
  {
    "name": "Kalkuniliha strogonov RANNAM\u00d5ISA, 450g",
    "price": "3,59 \u20ac",
    "price/unit": "(7,98 \u20ac / kg)\r\n        "
  },
  {
    "name": "Jah.br.kintsulih.nahata TALLEGG,kg-lett",
    "price": "6,39 \u20ac",
    "price/unit": "(6,39 \u20ac / kg)\r\n        "
  },
  {
    "name": "Valik broilerilihast RANNAM\u00d5ISA, kg",
    "price": "4,69 \u20ac",
    "price/unit": "(4,69 \u20ac / kg)\r\n        "
  },
  {
    "name": "Jahutatud broiler TALUPOJA, kg",
    "price": "1,79 \u20ac",
    "price/unit": "(1,79 \u20ac / kg)\r\n        "
  },
  {
    "name": "Jahutatud br.poolkoivad TALUPOJA, kg",
    "price": "1,99 \u20ac",
    "price/unit": "(1,99 \u20ac / kg)\r\n        "
  },
  {
    "name": "Jahutatud br.kintsud TALUPOJA, kg",
    "price": "1,95 \u20ac",
    "price/unit": "(1,95 \u20ac / kg)\r\n        "
  },
  {
    "name": "Jah.br.koivat\u00fckid KEKAVA,kg",
    "price": "2,79 \u20ac",
    "price/unit": "(2,79 \u20ac / kg)\r\n        "
  },
  {
    "name": "Jah.br. rinnafilee KEKAVA,kg",
    "price": "4,99 \u20ac",
    "price/unit": "(4,99 \u20ac / kg)\r\n        "
  },
  {
    "name": "Banaanimaitseline sojajook ALPRO  250ml",
    "price": "0,85 \u20ac",
    "price/unit": "(3,40 \u20ac / l)\r\n        "
  },
  {
    "name": "Sojajook ALPRO kaltsiumiga 1L",
    "price": "2,05 \u20ac",
    "price/unit": "(2,05 \u20ac / l)\r\n        "
  },
  {
    "name": "Sojajook ALPRO vanilje 1L",
    "price": "2,29 \u20ac",
    "price/unit": "(2,29 \u20ac / l)\r\n        "
  },
  {
    "name": "AB - hapupiim TERE 1kg, PP",
    "price": "0,99 \u20ac",
    "price/unit": "(0,99 \u20ac / kg)\r\n        "
  },
  {
    "name": "Haps vaarika HELLUS  TERE,1kg",
    "price": "1,39 \u20ac",
    "price/unit": "(1,39 \u20ac / kg)\r\n        "
  },
  {
    "name": "Kitsepiim CANDIA 1.5% 1L",
    "price": "2,79 \u20ac",
    "price/unit": "(2,79 \u20ac / l)\r\n        "
  },
  {
    "name": "Hapupiimajook AIRAN 1% 500g",
    "price": "0,85 \u20ac",
    "price/unit": "(1,70 \u20ac / kg)\r\n        "
  },
  {
    "name": "Hapupiimajook Rjazenka rasv 3,2%",
    "price": "0,89 \u20ac",
    "price/unit": "(1,78 \u20ac / kg)\r\n        "
  },
  {
    "name": "Mandlijook ALPRO 1L",
    "price": "2,79 \u20ac",
    "price/unit": "(2,79 \u20ac / l)\r\n        "
  },
  {
    "name": "Maasika-piimajook 1,5% RASENS 200ml",
    "price": "0,59 \u20ac",
    "price/unit": "(2,95 \u20ac / l)\r\n        "
  },
  {
    "name": "Lak. vaba piimajook Zero Lactose 1,5% 1L",
    "price": "2,05 \u20ac",
    "price/unit": "(2,05 \u20ac / l)\r\n        "
  },
  {
    "name": "Kakaojook DANONKI 250ml",
    "price": "0,85 \u20ac",
    "price/unit": "(3,40 \u20ac / l)\r\n        "
  },
  {
    "name": "Hapendat.t\u00e4ispiim Elo volditav FARMI 1kg",
    "price": "1,09 \u20ac",
    "price/unit": "(1,09 \u20ac / kg)\r\n        "
  },
  {
    "name": "FARMI Rjazenka pure, 750g",
    "price": "1,15 \u20ac",
    "price/unit": "(1,53 \u20ac / kg)\r\n        "
  },
  {
    "name": "Mandlijook Vegetale GRANAROLO, 1L",
    "price": "2,44 \u20ac",
    "price/unit": "(2,44 \u20ac / l)\r\n        "
  },
  {
    "name": "Hapendatud t\u00e4ispiim Alma 3,8%-4,2%, 1kg",
    "price": "1,15 \u20ac",
    "price/unit": "(1,15 \u20ac / kg)\r\n        "
  },
  {
    "name": "Perekurk (viilud) P\u00d5LTSAMAA 680g",
    "price": "1,39 \u20ac",
    "price/unit": "(2,04 \u20ac / kg)\r\n        "
  },
  {
    "name": "Perekurk (terved) P\u00d5LTSAMAA 680g",
    "price": "1,39 \u20ac",
    "price/unit": "(2,04 \u20ac / kg)\r\n        "
  },
  {
    "name": "Maitselt mahe kurk SALVEST 675g",
    "price": "1,79 \u20ac",
    "price/unit": "(2,65 \u20ac / kg)\r\n        "
  },
  {
    "name": "Maitselt mahe kurk (viil) SALVEST 675g",
    "price": "1,79 \u20ac",
    "price/unit": "(2,65 \u20ac / kg)\r\n        "
  },
  {
    "name": "Magus kurk  SALVEST 675g",
    "price": "1,39 \u20ac",
    "price/unit": "(2,06 \u20ac / kg)\r\n        "
  },
  {
    "name": "Hapukurk SALVEST 675g",
    "price": "1,39 \u20ac",
    "price/unit": "(2,06 \u20ac / kg)\r\n        "
  },
  {
    "name": "Piprakurk  SALVEST 675g",
    "price": "2,09 \u20ac",
    "price/unit": "(3,10 \u20ac / kg)\r\n        "
  },
  {
    "name": "Piknikukurk (viilud) P\u00d5LTSAMAA 680g",
    "price": "1,39 \u20ac",
    "price/unit": "(2,04 \u20ac / kg)\r\n        "
  },
  {
    "name": "Piknikukurk (terved) P\u00d5LTSAMAA 680g",
    "price": "1,39 \u20ac",
    "price/unit": "(2,04 \u20ac / kg)\r\n        "
  },
  {
    "name": "K\u00fc\u00fcslaugukurk SALVEST 675g",
    "price": "2,09 \u20ac",
    "price/unit": "(3,10 \u20ac / kg)\r\n        "
  },
  {
    "name": "Marin.kurgid (viilud)MAXIMA FAVORIT 500g",
    "price": "0,95 \u20ac",
    "price/unit": "(1,90 \u20ac / kg)\r\n        "
  },
  {
    "name": "Minikurk P\u00d5LTSAMAA 330g",
    "price": "1,59 \u20ac",
    "price/unit": "(4,82 \u20ac / kg)\r\n        "
  },
  {
    "name": "Marineeritud kurk Kodune P\u00d5LTSAMAA 680g",
    "price": "1,39 \u20ac",
    "price/unit": "(2,04 \u20ac / kg)\r\n        "
  },
  {
    "name": "Talukurk SALVEST 675g",
    "price": "1,75 \u20ac",
    "price/unit": "(2,59 \u20ac / kg)\r\n        "
  },
  {
    "name": "Kodused hapukurgid WALDIBEN 770g",
    "price": "1,75 \u20ac",
    "price/unit": "(2,27 \u20ac / kg)\r\n        "
  },
  {
    "name": "Marin.kurgid t\u0161illiga WALDIBEN 500g",
    "price": "1,38 \u20ac",
    "price/unit": "(2,76 \u20ac / kg)\r\n        "
  },
  {
    "name": "Marineeritud kurgid EXTRA LINE 650g",
    "price": "1,15 \u20ac",
    "price/unit": "(1,72 \u20ac / kg)\r\n        "
  },
  {
    "name": "K\u00fcpsised Original TUC 100g",
    "price": "0,99 \u20ac",
    "price/unit": "(9,90 \u20ac / kg)\r\n        "
  },
  {
    "name": "K\u00fcpsised Parpika TUC 100g",
    "price": "0,99 \u20ac",
    "price/unit": "(9,90 \u20ac / kg)\r\n        "
  },
  {
    "name": "K\u00fc\u00fcslauguleib BALSNACK 80g",
    "price": "0,45 \u20ac",
    "price/unit": "(5,63 \u20ac / kg)\r\n        "
  },
  {
    "name": "N\u00e4kileiv.rukkist Original FINNCRISP 200g",
    "price": "1,55 \u20ac",
    "price/unit": "(7,75 \u20ac / kg)\r\n        "
  },
  {
    "name": "N\u00e4kileiv.rukkist MultigrainFINNCRISP175g",
    "price": "1,55 \u20ac",
    "price/unit": "(8,86 \u20ac / kg)\r\n        "
  },
  {
    "name": "N\u00e4kileivad rukkist Garlic FINNCRISP 175g",
    "price": "1,55 \u20ac",
    "price/unit": "(8,86 \u20ac / kg)\r\n        "
  },
  {
    "name": "Rukki n\u00e4kileib MARIO 155g",
    "price": "1,19 \u20ac",
    "price/unit": "(7,68 \u20ac / kg)\r\n        "
  },
  {
    "name": "K\u00fcpsised Peekon TUC 100g",
    "price": "0,99 \u20ac",
    "price/unit": "(9,90 \u20ac / kg)\r\n        "
  },
  {
    "name": "Magus kr\u00f5be kreeker OPTIMA LINIJA 150g",
    "price": "0,44 \u20ac",
    "price/unit": "(2,93 \u20ac / kg)\r\n        "
  },
  {
    "name": "Soolakreeker OPTIMA LINIJA 150g",
    "price": "0,44 \u20ac",
    "price/unit": "(2,93 \u20ac / kg)\r\n        "
  },
  {
    "name": "Moonikreeker OPTIMA LINIJA 150g",
    "price": "0,44 \u20ac",
    "price/unit": "(2,93 \u20ac / kg)\r\n        "
  },
  {
    "name": "Sibulakreeker OPTIMA LINIJA 150g",
    "price": "0,44 \u20ac",
    "price/unit": "(2,93 \u20ac / kg)\r\n        "
  },
  {
    "name": "Riisileivakesed mitmevilja RACIO, 130g",
    "price": "0,89 \u20ac",
    "price/unit": "(6,85 \u20ac / kg)\r\n        "
  },
  {
    "name": "Riisileivakesed RACIO, 130g",
    "price": "0,89 \u20ac",
    "price/unit": "(6,85 \u20ac / kg)\r\n        "
  },
  {
    "name": "N\u00e4kileiv.rukkist Hi-Fibre FINNCRISP 200g",
    "price": "1,55 \u20ac",
    "price/unit": "(7,75 \u20ac / kg)\r\n        "
  },
  {
    "name": "Magusad r\u00f5nglid ELTRUM 350g",
    "price": "1,15 \u20ac",
    "price/unit": "(3,29 \u20ac / kg)\r\n        "
  },
  {
    "name": "Moonir\u00f5nglid ELTRUM 350g",
    "price": "1,15 \u20ac",
    "price/unit": "(3,29 \u20ac / kg)\r\n        "
  },
  {
    "name": "K\u00fc\u00fcslauguleivad MARMITON 350g",
    "price": "2,09 \u20ac",
    "price/unit": "(5,97 \u20ac / kg)\r\n        "
  },
  {
    "name": "Rosinakuivikud ELTRUM 200g",
    "price": "0,89 \u20ac",
    "price/unit": "(4,45 \u20ac / kg)\r\n        "
  },
  {
    "name": "Kreeker Soola Kaleidoskop VIKSTAL 250g",
    "price": "0,95 \u20ac",
    "price/unit": "(3,80 \u20ac / kg)\r\n        "
  },
  {
    "name": "R\u00f5ngik tavaline VIKSTAL 200g",
    "price": "0,60 \u20ac",
    "price/unit": "(3,00 \u20ac / kg)\r\n        "
  },
  {
    "name": "Leivakuivikud soolased Rolli MOGYI 70g",
    "price": "0,35 \u20ac",
    "price/unit": "(5,00 \u20ac / kg)\r\n        "
  },
  {
    "name": "Leivakuivikud k\u00fc\u00fcslaug. Rolli MOGYI 70g",
    "price": "0,35 \u20ac",
    "price/unit": "(5,00 \u20ac / kg)\r\n        "
  },
  {
    "name": "N\u00e4kileivad Original WASA 275g",
    "price": "1,49 \u20ac",
    "price/unit": "(5,42 \u20ac / kg)\r\n        "
  },
  {
    "name": "N\u00e4kileivad Fibre WASA 230g",
    "price": "1,59 \u20ac",
    "price/unit": "(6,91 \u20ac / kg)\r\n        "
  },
  {
    "name": "Moonir\u00f5ngik VIKSTAL 400g",
    "price": "1,59 \u20ac",
    "price/unit": "(3,98 \u20ac / kg)\r\n        "
  },
  {
    "name": "Mini griss.k\u00fc\u00fcsl.ja peters.PANEALBA 100g",
    "price": "1,59 \u20ac",
    "price/unit": "(15,90 \u20ac / kg)\r\n        "
  },
  {
    "name": "Mini griss.tomati ja k\u00fc\u00fcsl.PANEALBA 100g",
    "price": "1,59 \u20ac",
    "price/unit": "(15,90 \u20ac / kg)\r\n        "
  },
  {
    "name": "Juustu-sibulamaitsel.leib BALSNACK80g",
    "price": "0,45 \u20ac",
    "price/unit": "(5,63 \u20ac / kg)\r\n        "
  },
  {
    "name": "Kuivik  rosina VIKSTAL 200g",
    "price": "0,89 \u20ac",
    "price/unit": "(4,45 \u20ac / kg)\r\n        "
  },
  {
    "name": "Kuivik  tavaline VIKSTAL 200g",
    "price": "0,89 \u20ac",
    "price/unit": "(4,45 \u20ac / kg)\r\n        "
  },
  {
    "name": "Seesamik\u00f5rsik VECAIS BEKERIS 280g",
    "price": "0,86 \u20ac",
    "price/unit": "(3,07 \u20ac / kg)\r\n        "
  },
  {
    "name": "Moonik\u00f5rsik VECAIS BEKERIS 280g",
    "price": "0,86 \u20ac",
    "price/unit": "(3,07 \u20ac / kg)\r\n        "
  },
  {
    "name": "Vahvlid meresoolaga SONKO,130g",
    "price": "0,79 \u20ac",
    "price/unit": "(6,08 \u20ac / kg)\r\n        "
  },
  {
    "name": "Vahvlid k\u00f5rvitsaseem.SONKO,130g",
    "price": "0,79 \u20ac",
    "price/unit": "(6,08 \u20ac / kg)\r\n        "
  },
  {
    "name": "Grissin. ol.\u00f5liga Griss d'OrPANEALBA100g",
    "price": "1,09 \u20ac",
    "price/unit": "(10,90 \u20ac / kg)\r\n        "
  },
  {
    "name": "N\u00e4kileiv.rukkist Coriander FINNCRISP200g",
    "price": "1,55 \u20ac",
    "price/unit": "(8,61 \u20ac / kg)\r\n        "
  },
  {
    "name": "T\u00e4isterakreeker Hogerenas SALVADO 200g",
    "price": "0,89 \u20ac",
    "price/unit": "(4,45 \u20ac / kg)\r\n        "
  },
  {
    "name": "R\u00f5ngik glasuuriga ADUGS 200g",
    "price": "0,55 \u20ac",
    "price/unit": "(2,75 \u20ac / kg)\r\n        "
  },
  {
    "name": "Soolakringel-kreeker CROCO MIX 500g",
    "price": "1,35 \u20ac",
    "price/unit": "(2,70 \u20ac / kg)\r\n        "
  },
  {
    "name": "Juustumaitselised kreekrid CROCO 400g",
    "price": "1,69 \u20ac",
    "price/unit": "(4,23 \u20ac / kg)\r\n        "
  },
  {
    "name": "K\u00fcpsis t\u00e4istera ClassicoGRAN CEREALE250g",
    "price": "1,65 \u20ac",
    "price/unit": "(6,60 \u20ac / kg)\r\n        "
  },
  {
    "name": "Magus k\u00f5rsik, 250g",
    "price": "1,05 \u20ac",
    "price/unit": "(4,20 \u20ac / kg)\r\n        "
  },
  {
    "name": "K\u00fcpsised sibula ja hapukoore TUC 100g",
    "price": "0,99 \u20ac",
    "price/unit": "(9,90 \u20ac / kg)\r\n        "
  },
  {
    "name": "Mini r\u00f5nglid ELTRUM ,300g",
    "price": "1,19 \u20ac",
    "price/unit": "(3,97 \u20ac / kg)\r\n        "
  },
  {
    "name": "Minir\u00f5ngik Mooni VIKSTAL 140g",
    "price": "0,69 \u20ac",
    "price/unit": "(4,93 \u20ac / kg)\r\n        "
  },
  {
    "name": "Kuivikud rosinatega MINU, 200g",
    "price": "0,75 \u20ac",
    "price/unit": "(3,75 \u20ac / kg)\r\n        "
  },
  {
    "name": "Vaniljemaitselised kuivikud MINU, 200g",
    "price": "0,69 \u20ac",
    "price/unit": "(3,45 \u20ac / kg)\r\n        "
  },
  {
    "name": "Hapuk.-\u00fcrdi maits. leivakesed FLINT,35g",
    "price": "0,24 \u20ac",
    "price/unit": "(6,86 \u20ac / kg)\r\n        "
  },
  {
    "name": "Peekonimaits. leivakesed FLINT,35g",
    "price": "0,24 \u20ac",
    "price/unit": "(6,86 \u20ac / kg)\r\n        "
  },
  {
    "name": "Kaalikas, kg",
    "price": "0,89 \u20ac",
    "price/unit": "(0,89 \u20ac / kg)\r\n        "
  },
  {
    "name": "Ingverijuur, kg",
    "price": "2,99 \u20ac",
    "price/unit": "(2,99 \u20ac / kg)\r\n        "
  },
  {
    "name": "Juurseller, kg",
    "price": "1,49 \u20ac",
    "price/unit": "(1,49 \u20ac / kg)\r\n        "
  },
  {
    "name": "Varsseller, kg",
    "price": "1,98 \u20ac",
    "price/unit": "(1,98 \u20ac / kg)\r\n        "
  },
  {
    "name": "Keedetud mais vaakumpakendis 400g",
    "price": "1,75 \u20ac",
    "price/unit": "(4,38 \u20ac / kg)\r\n        "
  },
  {
    "name": "Redis punane,kg",
    "price": "1,89 \u20ac",
    "price/unit": "(1,89 \u20ac / kg)\r\n        "
  },
  {
    "name": "Redis punane pakitud, 125g",
    "price": "0,55 \u20ac",
    "price/unit": "(4,40 \u20ac / kg)\r\n        "
  },
  {
    "name": "K\u00f5rvits, kg",
    "price": "0,85 \u20ac",
    "price/unit": "(0,85 \u20ac / kg)\r\n        "
  },
  {
    "name": "Bakla\u017eaan,kg",
    "price": "1,15 \u20ac",
    "price/unit": "(1,15 \u20ac / kg)\r\n        "
  },
  {
    "name": "Suvik\u00f5rvits roheline, kg",
    "price": "0,75 \u20ac",
    "price/unit": "(0,75 \u20ac / kg)\r\n        "
  },
  {
    "name": "Salat potis, tk",
    "price": "0,77 \u20ac",
    "price/unit": "(0,77 \u20ac / tk)\r\n        "
  },
  {
    "name": "Basiilik roheline GR\u00dcNE FEE",
    "price": "1,25 \u20ac",
    "price/unit": "(1,25 \u20ac / tk)\r\n        "
  },
  {
    "name": "Till kiles, 30g",
    "price": "0,79 \u20ac",
    "price/unit": "(26,33 \u20ac / kg)\r\n        "
  },
  {
    "name": "Petersell kiles,30g",
    "price": "0,75 \u20ac",
    "price/unit": "(25,00 \u20ac / kg)\r\n        "
  },
  {
    "name": "J\u00e4\u00e4salat 1.kl., kg",
    "price": "3,29 \u20ac",
    "price/unit": "(3,29 \u20ac / kg)\r\n        "
  },
  {
    "name": "Till taldrikul, pakitud, kg",
    "price": "11,75 \u20ac",
    "price/unit": "(11,75 \u20ac / kg)\r\n        "
  },
  {
    "name": "Lehtpetersell taldrikul, pakitud, kg",
    "price": "6,99 \u20ac",
    "price/unit": "(6,99 \u20ac / kg)\r\n        "
  },
  {
    "name": "Salat Frillice pakis GR\u00dcNE FEE",
    "price": "1,19 \u20ac",
    "price/unit": "(1,19 \u20ac / tk)\r\n        "
  },
  {
    "name": "Maitseroheline taldrikul, kg",
    "price": "9,49 \u20ac",
    "price/unit": "(9,49 \u20ac / kg)\r\n        "
  },
  {
    "name": "Beebispinat karbis, 100g",
    "price": "0,99 \u20ac",
    "price/unit": "(9,90 \u20ac / kg)\r\n        "
  },
  {
    "name": "Rukola karbis,100g",
    "price": "0,99 \u20ac",
    "price/unit": "(9,90 \u20ac / kg)\r\n        "
  },
  {
    "name": "Salatisegu karbis, 100g",
    "price": "0,99 \u20ac",
    "price/unit": "(9,90 \u20ac / kg)\r\n        "
  },
  {
    "name": "Punapeet, kg",
    "price": "0,39 \u20ac",
    "price/unit": "(0,39 \u20ac / kg)\r\n        "
  },
  {
    "name": "Porgand lahtine,kg",
    "price": "0,45 \u20ac",
    "price/unit": "(0,45 \u20ac / kg)\r\n        "
  },
  {
    "name": "Steriliseeritud keedupeet vaakumis 500g",
    "price": "0,75 \u20ac",
    "price/unit": "(1,50 \u20ac / kg)\r\n        "
  },
  {
    "name": "Riivitud keedupeet vaakumis, 500g",
    "price": "0,85 \u20ac",
    "price/unit": "(1,70 \u20ac / kg)\r\n        "
  },
  {
    "name": "Beebi porgand KADARBIKU 250g",
    "price": "0,89 \u20ac",
    "price/unit": "(3,56 \u20ac / kg)\r\n        "
  },
  {
    "name": "Aurutatud punapeet KADARBIKU,500g",
    "price": "0,99 \u20ac",
    "price/unit": "(1,98 \u20ac / kg)\r\n        "
  },
  {
    "name": "Piim AASA 2,5%, 2L",
    "price": "1,79 \u20ac",
    "price/unit": "(0,90 \u20ac / l)\r\n        "
  },
  {
    "name": "Piim ALMA 2,5% 1L PP",
    "price": "0,89 \u20ac",
    "price/unit": "(0,89 \u20ac / l)\r\n        "
  },
  {
    "name": "Piim ALMA 2,5% 1,5L PP",
    "price": "0,97 \u20ac",
    "price/unit": "(0,65 \u20ac / l)\r\n        "
  },
  {
    "name": "Piim TERE 2.5% 1L kiles",
    "price": "0,59 \u20ac",
    "price/unit": "(0,59 \u20ac / l)\r\n        "
  },
  {
    "name": "Piim FARMI 2.5% 1L kiles",
    "price": "0,65 \u20ac",
    "price/unit": "(0,65 \u20ac / l)\r\n        "
  },
  {
    "name": "Piim TERE 2,5% 1L PP",
    "price": "0,77 \u20ac",
    "price/unit": "(0,77 \u20ac / l)\r\n        "
  },
  {
    "name": "Piim TERE 2.5% 1.5L PP",
    "price": "1,09 \u20ac",
    "price/unit": "(0,73 \u20ac / l)\r\n        "
  },
  {
    "name": "Piim TERE 2,5% 0,5L PP",
    "price": "0,51 \u20ac",
    "price/unit": "(1,02 \u20ac / l)\r\n        "
  },
  {
    "name": "Piim ALMA 0.05% 1L",
    "price": "0,95 \u20ac",
    "price/unit": "(0,95 \u20ac / l)\r\n        "
  },
  {
    "name": "Piim ALMA 2.5% 0.5l",
    "price": "0,58 \u20ac",
    "price/unit": "(1,16 \u20ac / l)\r\n        "
  },
  {
    "name": "Piim ALMA 3.5% 1Lkilep.",
    "price": "0,84 \u20ac",
    "price/unit": "(0,84 \u20ac / l)\r\n        "
  },
  {
    "name": "K\u00f5rgkuumutatud latte piim TERE 2.5% 1l",
    "price": "1,29 \u20ac",
    "price/unit": "(1,29 \u20ac / l)\r\n        "
  },
  {
    "name": "Piim 3.2% Farm Milk UHT,1L",
    "price": "0,69 \u20ac",
    "price/unit": "(0,69 \u20ac / l)\r\n        "
  },
  {
    "name": "Piim AASA 3,5%, 2L",
    "price": "1,85 \u20ac",
    "price/unit": "(0,93 \u20ac / l)\r\n        "
  },
  {
    "name": "Piim ARMAS 2,5% 1l",
    "price": "0,49 \u20ac",
    "price/unit": "(0,49 \u20ac / l)\r\n        "
  },
  {
    "name": "T\u00e4ispiim FARMI, 1l",
    "price": "0,79 \u20ac",
    "price/unit": "(0,79 \u20ac / l)\r\n        "
  },
  {
    "name": "Talupiim Kodutunne madalpast\u00f6riseer., 1L",
    "price": "1,19 \u20ac",
    "price/unit": "(1,19 \u20ac / l)\r\n        "
  },
  {
    "name": "T\u00e4ispiim FARMI 3.8-4.2%, 2L pure",
    "price": "1,66 \u20ac",
    "price/unit": "(0,83 \u20ac / l)\r\n        "
  },
  {
    "name": "T\u00e4ispiim Alma 3.8-4.2%, 1L",
    "price": "0,93 \u20ac",
    "price/unit": "(0,93 \u20ac / l)\r\n        "
  },
  {
    "name": "T\u00e4ispiim Alma 3.8-4.2%, 1.5L",
    "price": "1,17 \u20ac",
    "price/unit": "(0,78 \u20ac / l)\r\n        "
  },
  {
    "name": "Jog.jook ACTIMEL maasika-mustika,12x100g",
    "price": "3,99 \u20ac",
    "price/unit": "(3,33 \u20ac / kg)\r\n        "
  },
  {
    "name": "Jog.jook ACTIMEL naturaalne 4x100g",
    "price": "1,66 \u20ac",
    "price/unit": "(4,15 \u20ac / kg)\r\n        "
  },
  {
    "name": "Jog.jook ACTIMEL maasika 4x100g",
    "price": "1,66 \u20ac",
    "price/unit": "(4,15 \u20ac / kg)\r\n        "
  },
  {
    "name": "Jog.jook ACTIMEL puuvilja 4x100g",
    "price": "1,66 \u20ac",
    "price/unit": "(4,15 \u20ac / kg)\r\n        "
  },
  {
    "name": "Jog.jook ACTIMEL metsamarja 4x100g",
    "price": "1,66 \u20ac",
    "price/unit": "(4,15 \u20ac / kg)\r\n        "
  },
  {
    "name": "Jog.jook ACTIMEL maasika 8x100g",
    "price": "2,65 \u20ac",
    "price/unit": "(3,31 \u20ac / kg)\r\n        "
  },
  {
    "name": "Jog.jook ACTIMEL metsamarja 8x100g",
    "price": "2,65 \u20ac",
    "price/unit": "(3,31 \u20ac / kg)\r\n        "
  },
  {
    "name": "Jogurtijook Danonki maasika 4x100g",
    "price": "1,55 \u20ac",
    "price/unit": "(3,88 \u20ac / kg)\r\n        "
  },
  {
    "name": "Jog.jook ACTIMELgranaat.must.maca,4x100g",
    "price": "1,66 \u20ac",
    "price/unit": "(4,15 \u20ac / kg)\r\n        "
  },
  {
    "name": "Jog.jook ACTIMEL mango-gojimarja,4x100g",
    "price": "1,66 \u20ac",
    "price/unit": "(4,15 \u20ac / kg)\r\n        "
  },
  {
    "name": "Kobar-kirsstomat, 500g",
    "price": "1,99 \u20ac",
    "price/unit": "(3,98 \u20ac / kg)\r\n        "
  },
  {
    "name": "Kurk l\u00fchike, kg",
    "price": "1,19 \u20ac",
    "price/unit": "(1,19 \u20ac / kg)\r\n        "
  },
  {
    "name": "Kurk Luunja, kg",
    "price": "2,49 \u20ac",
    "price/unit": "(2,49 \u20ac / kg)\r\n        "
  },
  {
    "name": "Kirsstomat punane,250g",
    "price": "0,83 \u20ac",
    "price/unit": "(3,32 \u20ac / kg)\r\n        "
  },
  {
    "name": "Tomat lahtine 1 kl., kg",
    "price": "1,19 \u20ac",
    "price/unit": "(1,19 \u20ac / kg)\r\n        "
  },
  {
    "name": "Ploomtomat 1.kl,kg",
    "price": "1,99 \u20ac",
    "price/unit": "(1,99 \u20ac / kg)\r\n        "
  },
  {
    "name": "Tomat KUMATO 1.kl.,kg",
    "price": "2,79 \u20ac",
    "price/unit": "(2,79 \u20ac / kg)\r\n        "
  },
  {
    "name": "Kirss-ploomtomat, 250g",
    "price": "0,97 \u20ac",
    "price/unit": "(3,88 \u20ac / kg)\r\n        "
  },
  {
    "name": "Kirsstomatid TOMMIES topsis 250g",
    "price": "2,69 \u20ac",
    "price/unit": "(10,76 \u20ac / kg)\r\n        "
  },
  {
    "name": "Hapukurk PEIPSI, kg",
    "price": "3,95 \u20ac",
    "price/unit": "(3,95 \u20ac / kg)\r\n        "
  },
  {
    "name": "Soolakurk k\u00fc\u00fcslauguga, 300g",
    "price": "1,59 \u20ac",
    "price/unit": "(5,30 \u20ac / kg)\r\n        "
  },
  {
    "name": "Porrulauk, kg",
    "price": "2,29 \u20ac",
    "price/unit": "(2,29 \u20ac / kg)\r\n        "
  },
  {
    "name": "K\u00fc\u00fcslauk, kg",
    "price": "1,99 \u20ac",
    "price/unit": "(1,99 \u20ac / kg)\r\n        "
  },
  {
    "name": "Punane sibul, kg",
    "price": "0,89 \u20ac",
    "price/unit": "(0,89 \u20ac / kg)\r\n        "
  },
  {
    "name": "Salatisibul,kg",
    "price": "1,29 \u20ac",
    "price/unit": "(1,29 \u20ac / kg)\r\n        "
  },
  {
    "name": "Roheline sibul , kg (pakitud)",
    "price": "7,79 \u20ac",
    "price/unit": "(7,79 \u20ac / kg)\r\n        "
  },
  {
    "name": "Punane paprika 1.kl.,kg",
    "price": "1,39 \u20ac",
    "price/unit": "(1,39 \u20ac / kg)\r\n        "
  },
  {
    "name": "Paprika kollane 1.kl.,kg",
    "price": "2,29 \u20ac",
    "price/unit": "(2,29 \u20ac / kg)\r\n        "
  },
  {
    "name": "V\u00e4ikesed paprikad,150g",
    "price": "1,49 \u20ac",
    "price/unit": "(9,93 \u20ac / kg)\r\n        "
  },
  {
    "name": "K\u00fc\u00fcslaugu k\u00fc\u00fcned pakitud, 100g",
    "price": "1,66 \u20ac",
    "price/unit": "(16,60 \u20ac / kg)\r\n        "
  },
  {
    "name": "\u0160alottsibul, 250g",
    "price": "1,09 \u20ac",
    "price/unit": "(4,36 \u20ac / kg)\r\n        "
  },
  {
    "name": "Erinevat v\u00e4rvi paprikad, 500g",
    "price": "1,89 \u20ac",
    "price/unit": "(3,78 \u20ac / kg)\r\n        "
  },
  {
    "name": "Kartul pestud LAURA pakitud, 2kg",
    "price": "1,79 \u20ac",
    "price/unit": "(0,90 \u20ac / kg)\r\n        "
  },
  {
    "name": "Kartul varajane, lahtine,kg",
    "price": "0,29 \u20ac",
    "price/unit": "(0,29 \u20ac / kg)\r\n        "
  },
  {
    "name": "Kartul pestud Colombo pakitud, 4kg",
    "price": "3,59 \u20ac",
    "price/unit": "(0,90 \u20ac / kg)\r\n        "
  },
  {
    "name": "Kartul pestud Colombo pakitud, 2kg",
    "price": "1,79 \u20ac",
    "price/unit": "(0,90 \u20ac / kg)\r\n        "
  },
  {
    "name": "\u0160ampinjonid pakitud,250g",
    "price": "0,85 \u20ac",
    "price/unit": "(3,40 \u20ac / kg)\r\n        "
  },
  {
    "name": "\u0160ampinjon lahtine, kg",
    "price": "2,65 \u20ac",
    "price/unit": "(2,65 \u20ac / kg)\r\n        "
  },
  {
    "name": "Soolatud seentesegu, 500g\u00a0 \u00a0",
    "price": "3,29 \u20ac",
    "price/unit": "(6,58 \u20ac / kg)\r\n        "
  },
  {
    "name": "Banaan, kg",
    "price": "0,89 \u20ac",
    "price/unit": "(0,89 \u20ac / kg)\r\n        "
  },
  {
    "name": "Granaat\u00f5un, kg",
    "price": "3,99 \u20ac",
    "price/unit": "(3,99 \u20ac / kg)\r\n        "
  },
  {
    "name": "Kobar-kirsstomat, 500g",
    "price": "1,99 \u20ac",
    "price/unit": "(3,98 \u20ac / kg)\r\n        "
  },
  {
    "name": "Kurk Luunja, kg",
    "price": "2,49 \u20ac",
    "price/unit": "(2,49 \u20ac / kg)\r\n        "
  },
  {
    "name": "Punane paprika 1.kl.,kg",
    "price": "1,39 \u20ac",
    "price/unit": "(1,39 \u20ac / kg)\r\n        "
  },
  {
    "name": "Porgand lahtine,kg",
    "price": "0,45 \u20ac",
    "price/unit": "(0,45 \u20ac / kg)\r\n        "
  },
  {
    "name": "Steriliseeritud keedupeet vaakumis 500g",
    "price": "0,75 \u20ac",
    "price/unit": "(1,50 \u20ac / kg)\r\n        "
  },
  {
    "name": "K\u00fc\u00fcslauk, kg",
    "price": "1,99 \u20ac",
    "price/unit": "(1,99 \u20ac / kg)\r\n        "
  },
  {
    "name": "Apelsin NAVEL v\u00e4ike 1kl., kg",
    "price": "1,39 \u20ac",
    "price/unit": "(1,39 \u20ac / kg)\r\n        "
  },
  {
    "name": "Hapukapsas pakitud KADARBIKU 1kg",
    "price": "1,09 \u20ac",
    "price/unit": "(1,09 \u20ac / kg)\r\n        "
  },
  {
    "name": "Avokaado, kg",
    "price": "1,89 \u20ac",
    "price/unit": "(1,89 \u20ac / kg)\r\n        "
  },
  {
    "name": "Redis punane,kg",
    "price": "1,89 \u20ac",
    "price/unit": "(1,89 \u20ac / kg)\r\n        "
  },
  {
    "name": "V\u00e4rske kapsas,kg",
    "price": "0,45 \u20ac",
    "price/unit": "(0,45 \u20ac / kg)\r\n        "
  },
  {
    "name": "Kiivi 1kl., kg",
    "price": "1,69 \u20ac",
    "price/unit": "(1,69 \u20ac / kg)\r\n        "
  },
  {
    "name": "Salat potis, tk",
    "price": "0,77 \u20ac",
    "price/unit": "(0,77 \u20ac / tk)\r\n        "
  },
  {
    "name": "Kaalikas, kg",
    "price": "0,89 \u20ac",
    "price/unit": "(0,89 \u20ac / kg)\r\n        "
  },
  {
    "name": "Kartul pestud LAURA pakitud, 2kg",
    "price": "1,79 \u20ac",
    "price/unit": "(0,90 \u20ac / kg)\r\n        "
  },
  {
    "name": "Ingverijuur, kg",
    "price": "2,99 \u20ac",
    "price/unit": "(2,99 \u20ac / kg)\r\n        "
  },
  {
    "name": "Redis punane pakitud, 125g",
    "price": "0,55 \u20ac",
    "price/unit": "(4,40 \u20ac / kg)\r\n        "
  },
  {
    "name": "Porrulauk, kg",
    "price": "2,29 \u20ac",
    "price/unit": "(2,29 \u20ac / kg)\r\n        "
  },
  {
    "name": "Kirsstomat punane,250g",
    "price": "0,83 \u20ac",
    "price/unit": "(3,32 \u20ac / kg)\r\n        "
  },
  {
    "name": "Tomat lahtine 1 kl., kg",
    "price": "1,19 \u20ac",
    "price/unit": "(1,19 \u20ac / kg)\r\n        "
  },
  {
    "name": "Ploomtomat 1.kl,kg",
    "price": "1,99 \u20ac",
    "price/unit": "(1,99 \u20ac / kg)\r\n        "
  },
  {
    "name": "\u00d5un PAULARED 1kl., kg",
    "price": "0,49 \u20ac",
    "price/unit": "(0,49 \u20ac / kg)\r\n        "
  },
  {
    "name": "\u0160ampinjon lahtine, kg",
    "price": "2,65 \u20ac",
    "price/unit": "(2,65 \u20ac / kg)\r\n        "
  },
  {
    "name": "Viinamari hele seem-ta SULTANA 1kl., kg",
    "price": "1,66 \u20ac",
    "price/unit": "(1,66 \u20ac / kg)\r\n        "
  },
  {
    "name": "Avokaado HASS v\u00f5rgus, 750g",
    "price": "3,99 \u20ac",
    "price/unit": "(5,32 \u20ac / kg)\r\n        "
  },
  {
    "name": "J\u00e4\u00e4salat 1.kl., kg",
    "price": "3,29 \u20ac",
    "price/unit": "(3,29 \u20ac / kg)\r\n        "
  },
  {
    "name": "Kesk-Aasia melon, kg",
    "price": "0,79 \u20ac",
    "price/unit": "(0,79 \u20ac / kg)\r\n        "
  },
  {
    "name": "Lehtpetersell taldrikul, pakitud, kg",
    "price": "6,99 \u20ac",
    "price/unit": "(6,99 \u20ac / kg)\r\n        "
  },
  {
    "name": "Avokaado, kg",
    "price": "1,89 \u20ac",
    "price/unit": "(1,89 \u20ac / kg)\r\n        "
  },
  {
    "name": "Dattel 550g",
    "price": "2,59 \u20ac",
    "price/unit": "(4,71 \u20ac / kg)\r\n        "
  },
  {
    "name": "Avokaado HASS v\u00f5rgus, 750g",
    "price": "3,99 \u20ac",
    "price/unit": "(5,32 \u20ac / kg)\r\n        "
  },
  {
    "name": "Mango, kg",
    "price": "2,39 \u20ac",
    "price/unit": "(2,39 \u20ac / kg)\r\n        "
  },
  {
    "name": "Dattel 200g \u00a0",
    "price": "0,99 \u20ac",
    "price/unit": "(4,95 \u20ac / kg)\r\n        "
  },
  {
    "name": "Ananass, kg",
    "price": "1,29 \u20ac",
    "price/unit": "(1,29 \u20ac / kg)\r\n        "
  },
  {
    "name": "Viigimari, kg",
    "price": "3,99 \u20ac",
    "price/unit": "(3,99 \u20ac / kg)\r\n        "
  },
  {
    "name": "Avokaado s\u00f6\u00f6givalmis 300g, 2tk karbis",
    "price": "2,59 \u20ac",
    "price/unit": "(8,63 \u20ac / kg)\r\n        "
  },
  {
    "name": "Viinamari punane RED GLOBE 1kl., kg",
    "price": "1,89 \u20ac",
    "price/unit": "(1,89 \u20ac / kg)\r\n        "
  },
  {
    "name": "Melon PIEL DE SAPO, kg",
    "price": "1,15 \u20ac",
    "price/unit": "(1,15 \u20ac / kg)\r\n        "
  },
  {
    "name": "Pirn CONFERENCE suur 1kl., kg",
    "price": "1,15 \u20ac",
    "price/unit": "(1,15 \u20ac / kg)\r\n        "
  },
  {
    "name": "\u00d5un GRANNY SMITH 1kl., kg",
    "price": "2,69 \u20ac",
    "price/unit": "(2,69 \u20ac / kg)\r\n        "
  },
  {
    "name": "Nektariin 1kl., kg",
    "price": "1,39 \u20ac",
    "price/unit": "(1,39 \u20ac / kg)\r\n        "
  },
  {
    "name": "Virsik 1kl., kg",
    "price": "1,46 \u20ac",
    "price/unit": "(1,46 \u20ac / kg)\r\n        "
  },
  {
    "name": "Pirn GUYOT 1kl., kg",
    "price": "1,59 \u20ac",
    "price/unit": "(1,59 \u20ac / kg)\r\n        "
  },
  {
    "name": "\u00d5un ROYAL GALA 1kl., kg",
    "price": "1,35 \u20ac",
    "price/unit": "(1,35 \u20ac / kg)\r\n        "
  },
  {
    "name": "\u00d5un PAULARED 1kl., kg",
    "price": "0,49 \u20ac",
    "price/unit": "(0,49 \u20ac / kg)\r\n        "
  },
  {
    "name": "Pirn TRIUMPH 1kl., kg",
    "price": "1,89 \u20ac",
    "price/unit": "(1,89 \u20ac / kg)\r\n        "
  },
  {
    "name": "Ploom sinine, kg",
    "price": "0,79 \u20ac",
    "price/unit": "(0,79 \u20ac / kg)\r\n        "
  },
  {
    "name": "Viinamari hele seem-ta SULTANA 1kl., kg",
    "price": "1,66 \u20ac",
    "price/unit": "(1,66 \u20ac / kg)\r\n        "
  },
  {
    "name": "Ploom punane Black Pearl, kg",
    "price": "2,59 \u20ac",
    "price/unit": "(2,59 \u20ac / kg)\r\n        "
  },
  {
    "name": "Viinamari hele, seemneteta, 500g",
    "price": "1,79 \u20ac",
    "price/unit": "(3,58 \u20ac / kg)\r\n        "
  },
  {
    "name": "Sidrun 1.kl., kg",
    "price": "1,79 \u20ac",
    "price/unit": "(1,79 \u20ac / kg)\r\n        "
  },
  {
    "name": "Greip punane suur STAR RUBY, kg",
    "price": "1,19 \u20ac",
    "price/unit": "(1,19 \u20ac / kg)\r\n        "
  },
  {
    "name": "Apelsin NAVEL v\u00e4ike 1kl., kg",
    "price": "1,39 \u20ac",
    "price/unit": "(1,39 \u20ac / kg)\r\n        "
  },
  {
    "name": "Mandariin suur 1kl., kg",
    "price": "1,29 \u20ac",
    "price/unit": "(1,29 \u20ac / kg)\r\n        "
  },
  {
    "name": "Banaan, kg",
    "price": "0,89 \u20ac",
    "price/unit": "(0,89 \u20ac / kg)\r\n        "
  },
  {
    "name": "Kiivi 1kl., kg",
    "price": "1,69 \u20ac",
    "price/unit": "(1,69 \u20ac / kg)\r\n        "
  },
  {
    "name": "Granaat\u00f5un, kg",
    "price": "3,99 \u20ac",
    "price/unit": "(3,99 \u20ac / kg)\r\n        "
  },
  {
    "name": "Virsik PARAGUAYO 1kl., kg",
    "price": "1,79 \u20ac",
    "price/unit": "(1,79 \u20ac / kg)\r\n        "
  },
  {
    "name": "Viinamari hele ITALIA 1 kl., kg",
    "price": "1,35 \u20ac",
    "price/unit": "(1,35 \u20ac / kg)\r\n        "
  },
  {
    "name": "Melon GALIA, kg",
    "price": "1,25 \u20ac",
    "price/unit": "(1,25 \u20ac / kg)\r\n        "
  },
  {
    "name": "Mahlaapelsin LANE LATE v\u00f5rgus, 2kg",
    "price": "2,69 \u20ac",
    "price/unit": "(1,35 \u20ac / kg)\r\n        "
  },
  {
    "name": "Kesk-Aasia melon, kg",
    "price": "0,79 \u20ac",
    "price/unit": "(0,79 \u20ac / kg)\r\n        "
  },
  {
    "name": "Tumedad ploomid, kg",
    "price": "1,29 \u20ac",
    "price/unit": "(1,29 \u20ac / kg)\r\n        "
  },
  {
    "name": "Hapukapsas pakitud KADARBIKU 1kg",
    "price": "1,09 \u20ac",
    "price/unit": "(1,09 \u20ac / kg)\r\n        "
  },
  {
    "name": "Punane kapsas, kg",
    "price": "0,69 \u20ac",
    "price/unit": "(0,69 \u20ac / kg)\r\n        "
  },
  {
    "name": "V\u00e4rske kapsas,kg",
    "price": "0,45 \u20ac",
    "price/unit": "(0,45 \u20ac / kg)\r\n        "
  },
  {
    "name": "Nuikapsas, kg",
    "price": "1,09 \u20ac",
    "price/unit": "(1,09 \u20ac / kg)\r\n        "
  },
  {
    "name": "Hapukoor FARMI 20% 500g",
    "price": "0,85 \u20ac",
    "price/unit": "(1,70 \u20ac / kg)\r\n        "
  },
  {
    "name": "Piim TERE 2.5% 1L kiles",
    "price": "0,59 \u20ac",
    "price/unit": "(0,59 \u20ac / l)\r\n        "
  },
  {
    "name": "Piim AASA 2,5%, 2L",
    "price": "1,79 \u20ac",
    "price/unit": "(0,90 \u20ac / l)\r\n        "
  },
  {
    "name": "Piim TERE 2.5% 1.5L PP",
    "price": "1,09 \u20ac",
    "price/unit": "(0,73 \u20ac / l)\r\n        "
  },
  {
    "name": "Leibjuust Hollandi viil. ESTOVER, 500g",
    "price": "4,05 \u20ac",
    "price/unit": "(8,10 \u20ac / kg)\r\n        "
  },
  {
    "name": "Kodujuust mustikatega AASA 7% 150g",
    "price": "0,89 \u20ac",
    "price/unit": "(5,93 \u20ac / kg)\r\n        "
  },
  {
    "name": "Kodujuust vaarikatega AASA 7% 150g",
    "price": "0,89 \u20ac",
    "price/unit": "(5,93 \u20ac / kg)\r\n        "
  },
  {
    "name": "Piim ALMA 2,5% 1L PP",
    "price": "0,89 \u20ac",
    "price/unit": "(0,89 \u20ac / l)\r\n        "
  },
  {
    "name": "Majonees Provansaal TARPLAN 50% 900g",
    "price": "1,69 \u20ac",
    "price/unit": "(1,88 \u20ac / kg)\r\n        "
  },
  {
    "name": "Glasuurkohuke TERE vanilliiniga 43g",
    "price": "0,35 \u20ac",
    "price/unit": "(8,14 \u20ac / kg)\r\n        "
  },
  {
    "name": "Hapukoor FARMI 20% 350g tops",
    "price": "1,09 \u20ac",
    "price/unit": "(3,11 \u20ac / kg)\r\n        "
  },
  {
    "name": "Glas.kakaodessert HOMMIKU, 38g",
    "price": "0,22 \u20ac",
    "price/unit": "(5,79 \u20ac / kg)\r\n        "
  },
  {
    "name": "Eesti Taluv\u00f5i 82% 150g",
    "price": "1,15 \u20ac",
    "price/unit": "(7,67 \u20ac / kg)\r\n        "
  },
  {
    "name": "Kohup.juustuke KARUMS \u0161ok.t\u00fckkidega 45g",
    "price": "0,30 \u20ac",
    "price/unit": "(6,67 \u20ac / kg)\r\n        "
  },
  {
    "name": "Glas.kohuke mooniga MAGIJA, 45g",
    "price": "0,33 \u20ac",
    "price/unit": "(7,33 \u20ac / kg)\r\n        "
  },
  {
    "name": "Munad Balticovo Omega 10tk",
    "price": "1,35 \u20ac",
    "price/unit": "(0,14 \u20ac / tk)\r\n        "
  },
  {
    "name": "Kohuke KARUMS sidrunimaits.45g",
    "price": "0,30 \u20ac",
    "price/unit": "(6,67 \u20ac / kg)\r\n        "
  },
  {
    "name": "Vahukoor ALMA 35% 200ml PP",
    "price": "0,89 \u20ac",
    "price/unit": "(4,45 \u20ac / l)\r\n        "
  },
  {
    "name": "Majonees Provansaal TARPLAN 50%430g tops",
    "price": "0,99 \u20ac",
    "price/unit": "(2,30 \u20ac / kg)\r\n        "
  },
  {
    "name": "Sul.juust MEREVAIK r\u00f6stitud kanaga 200g",
    "price": "0,99 \u20ac",
    "price/unit": "(4,95 \u20ac / kg)\r\n        "
  },
  {
    "name": "Kohvikoor TERE 10%, 380ml",
    "price": "0,68 \u20ac",
    "price/unit": "(1,79 \u20ac / l)\r\n        "
  },
  {
    "name": "Valgehall.juust PRESIDENT Brie nat.125g",
    "price": "1,89 \u20ac",
    "price/unit": "(15,12 \u20ac / kg)\r\n        "
  },
  {
    "name": "Sinihallitusjuust ROYAL BLUE 100g",
    "price": "0,99 \u20ac",
    "price/unit": "(9,90 \u20ac / kg)\r\n        "
  },
  {
    "name": "Majonees HELLMANN'S Original, 650ml",
    "price": "2,79 \u20ac",
    "price/unit": "(4,29 \u20ac / l)\r\n        "
  },
  {
    "name": "Vanillipuding  2,2% tops TERE 250g",
    "price": "0,99 \u20ac",
    "price/unit": "(3,96 \u20ac / kg)\r\n        "
  },
  {
    "name": "Hapukoor ALMA 10% 500g",
    "price": "0,89 \u20ac",
    "price/unit": "(1,78 \u20ac / kg)\r\n        "
  },
  {
    "name": "Jogurt ALMA ahju\u00f5una 2% 1kg PP",
    "price": "1,19 \u20ac",
    "price/unit": "(1,19 \u20ac / kg)\r\n        "
  },
  {
    "name": "Kohupiim AASA 9% 300g",
    "price": "1,19 \u20ac",
    "price/unit": "(3,97 \u20ac / kg)\r\n        "
  },
  {
    "name": "Kohupiimapasta TERE maasika 4.2% 300g",
    "price": "1,11 \u20ac",
    "price/unit": "(3,70 \u20ac / kg)\r\n        "
  },
  {
    "name": "Koorene jogurt FARMI mustikatega 400g",
    "price": "0,89 \u20ac",
    "price/unit": "(2,23 \u20ac / kg)\r\n        "
  },
  {
    "name": "Nisutang OPTIMA LINIJA 800g",
    "price": "0,49 \u20ac",
    "price/unit": "(0,61 \u20ac / kg)\r\n        "
  },
  {
    "name": "Odratang OPTIMA LINIJA 800 g",
    "price": "0,41 \u20ac",
    "price/unit": "(0,51 \u20ac / kg)\r\n        "
  },
  {
    "name": "Odrakruup OPTIMA LINIJA 800g",
    "price": "0,45 \u20ac",
    "price/unit": "(0,56 \u20ac / kg)\r\n        "
  },
  {
    "name": "Riis Risotto Mediterraneo BOSTO 500g",
    "price": "2,09 \u20ac",
    "price/unit": "(4,18 \u20ac / kg)\r\n        "
  },
  {
    "name": "Pikateral. hautatud riis BOSTO 4x125g",
    "price": "1,49 \u20ac",
    "price/unit": "(2,98 \u20ac / kg)\r\n        "
  },
  {
    "name": "Pikateraline pruun riis BOSTO 4x125g",
    "price": "1,25 \u20ac",
    "price/unit": "(2,50 \u20ac / kg)\r\n        "
  },
  {
    "name": "Basmati riis BOSTO  4x125g",
    "price": "2,19 \u20ac",
    "price/unit": "(4,38 \u20ac / kg)\r\n        "
  },
  {
    "name": "Jasmiini riis  THAI ROYAL BOSTO  4x125g",
    "price": "1,79 \u20ac",
    "price/unit": "(3,58 \u20ac / kg)\r\n        "
  },
  {
    "name": "Nisukliid MALSENA 200g",
    "price": "0,36 \u20ac",
    "price/unit": "(1,80 \u20ac / kg)\r\n        "
  },
  {
    "name": "Manna OPTIMA LINIJA 800g",
    "price": "0,52 \u20ac",
    "price/unit": "(0,65 \u20ac / kg)\r\n        "
  },
  {
    "name": "Poolik hernes  OPTIMA LINIJA 800g",
    "price": "0,69 \u20ac",
    "price/unit": "(0,86 \u20ac / kg)\r\n        "
  },
  {
    "name": "Pikateraline  riis OPTIMA LINIJA 4x100g",
    "price": "0,54 \u20ac",
    "price/unit": "(1,35 \u20ac / kg)\r\n        "
  },
  {
    "name": "Pikateraline riis BALTIX 4x100g",
    "price": "0,76 \u20ac",
    "price/unit": "(1,90 \u20ac / kg)\r\n        "
  },
  {
    "name": "Tatar OPTIMA LINIJA 4x100g",
    "price": "0,69 \u20ac",
    "price/unit": "(1,73 \u20ac / kg)\r\n        "
  },
  {
    "name": "Aurutatud riis BALTIX 1kg",
    "price": "1,07 \u20ac",
    "price/unit": "(1,07 \u20ac / kg)\r\n        "
  },
  {
    "name": "Pikateraline riis BALTIX 1kg",
    "price": "0,99 \u20ac",
    "price/unit": "(0,99 \u20ac / kg)\r\n        "
  },
  {
    "name": "Odrakruup BALTIX 1kg",
    "price": "0,69 \u20ac",
    "price/unit": "(0,69 \u20ac / kg)\r\n        "
  },
  {
    "name": "Manna BALTIX 1kg",
    "price": "0,99 \u20ac",
    "price/unit": "(0,99 \u20ac / kg)\r\n        "
  },
  {
    "name": "Hernes kol. poolik BALTIX 1kg",
    "price": "0,95 \u20ac",
    "price/unit": "(0,95 \u20ac / kg)\r\n        "
  },
  {
    "name": "Hirss BALTIX 1kg",
    "price": "1,19 \u20ac",
    "price/unit": "(1,19 \u20ac / kg)\r\n        "
  },
  {
    "name": "Tatar BALTIX 1kg",
    "price": "1,35 \u20ac",
    "price/unit": "(1,35 \u20ac / kg)\r\n        "
  },
  {
    "name": "Valged oad OPTIMA LINIJA 400g",
    "price": "0,85 \u20ac",
    "price/unit": "(2,13 \u20ac / kg)\r\n        "
  },
  {
    "name": "Pikateraline riis MAXIMA FAVORIT 800g",
    "price": "0,85 \u20ac",
    "price/unit": "(1,06 \u20ac / kg)\r\n        "
  },
  {
    "name": "Aurutatud riis MAXIMA FAVORIT 800g",
    "price": "0,95 \u20ac",
    "price/unit": "(1,19 \u20ac / kg)\r\n        "
  },
  {
    "name": "Aurutatud riis BALTIX  4x100g",
    "price": "0,95 \u20ac",
    "price/unit": "(2,38 \u20ac / kg)\r\n        "
  },
  {
    "name": "Tatar BALTIX  4x100g",
    "price": "0,89 \u20ac",
    "price/unit": "(2,23 \u20ac / kg)\r\n        "
  },
  {
    "name": "Tatar MAXIMA Favorit 4x100g",
    "price": "0,79 \u20ac",
    "price/unit": "(1,98 \u20ac / kg)\r\n        "
  },
  {
    "name": "Pikateraline riis MAXIMA Favorit 4x100g",
    "price": "0,68 \u20ac",
    "price/unit": "(1,70 \u20ac / kg)\r\n        "
  },
  {
    "name": "Aurutatud riis FAVORIT 4x100g",
    "price": "0,65 \u20ac",
    "price/unit": "(1,63 \u20ac / kg)\r\n        "
  },
  {
    "name": "Kaerakliid VESKI MATI 700g",
    "price": "1,39 \u20ac",
    "price/unit": "(1,99 \u20ac / kg)\r\n        "
  },
  {
    "name": "Nisukliid VESKI MATI 250g",
    "price": "0,41 \u20ac",
    "price/unit": "(1,64 \u20ac / kg)\r\n        "
  },
  {
    "name": "Risoto riis VESKI MATI 500g",
    "price": "1,55 \u20ac",
    "price/unit": "(3,10 \u20ac / kg)\r\n        "
  },
  {
    "name": "Basmati riis VESKI MATI 500g",
    "price": "1,39 \u20ac",
    "price/unit": "(2,78 \u20ac / kg)\r\n        "
  },
  {
    "name": "Jasmiini riis VESKI MATI 500g",
    "price": "1,49 \u20ac",
    "price/unit": "(2,98 \u20ac / kg)\r\n        "
  },
  {
    "name": "Odrakruubid VESKI MATI 1kg",
    "price": "0,99 \u20ac",
    "price/unit": "(0,99 \u20ac / kg)\r\n        "
  },
  {
    "name": "Lihvitud herned OPTIMA LINIJA 800g",
    "price": "0,67 \u20ac",
    "price/unit": "(0,84 \u20ac / kg)\r\n        "
  },
  {
    "name": "\u00dcmarateraline riis BALTIX 1kg",
    "price": "1,29 \u20ac",
    "price/unit": "(1,29 \u20ac / kg)\r\n        "
  },
  {
    "name": "Tatar TARTU MILL 1kg",
    "price": "1,19 \u20ac",
    "price/unit": "(1,19 \u20ac / kg)\r\n        "
  },
  {
    "name": "Pikateraline riis TARTU MILL1kg",
    "price": "0,79 \u20ac",
    "price/unit": "(0,79 \u20ac / kg)\r\n        "
  },
  {
    "name": "Aurutatud riis TARTU MILL 1kg",
    "price": "1,05 \u20ac",
    "price/unit": "(1,05 \u20ac / kg)\r\n        "
  },
  {
    "name": "Pikateraline riis OPTIMA LINIJA 8x100g",
    "price": "0,75 \u20ac",
    "price/unit": "(0,94 \u20ac / kg)\r\n        "
  },
  {
    "name": "Pikateraline riis MAXIMA Favorit 8x100g",
    "price": "0,99 \u20ac",
    "price/unit": "(1,24 \u20ac / kg)\r\n        "
  },
  {
    "name": "Tatar MAXIMA Favorit 8x100g",
    "price": "1,49 \u20ac",
    "price/unit": "(1,86 \u20ac / kg)\r\n        "
  },
  {
    "name": "Valged oad MAXIMA FAVORIT 500g",
    "price": "1,35 \u20ac",
    "price/unit": "(2,70 \u20ac / kg)\r\n        "
  },
  {
    "name": "L\u00e4\u00e4tsed MAXIMA FAVORIT 400g",
    "price": "1,15 \u20ac",
    "price/unit": "(2,88 \u20ac / kg)\r\n        "
  },
  {
    "name": "Hirsitangud MAXIMA FAVORIT 400g",
    "price": "0,63 \u20ac",
    "price/unit": "(1,58 \u20ac / kg)\r\n        "
  },
  {
    "name": "Kolmesortiriis BUON GUSTO 350g",
    "price": "1,59 \u20ac",
    "price/unit": "(4,54 \u20ac / kg)\r\n        "
  },
  {
    "name": "Pikateraline riis TARTU MILL 4x 125g",
    "price": "0,69 \u20ac",
    "price/unit": "(1,38 \u20ac / kg)\r\n        "
  },
  {
    "name": "Tatar OPTIMA LINIJA 1kg",
    "price": "1,09 \u20ac",
    "price/unit": "(1,09 \u20ac / kg)\r\n        "
  },
  {
    "name": "Punased oad MAXIMA FAVORIT 500g",
    "price": "1,45 \u20ac",
    "price/unit": "(2,90 \u20ac / kg)\r\n        "
  },
  {
    "name": "Piimadessert \u0161ok.ja p\u00e4hklitega MONTE 55g",
    "price": "0,39 \u20ac",
    "price/unit": "(7,09 \u20ac / kg)\r\n        "
  },
  {
    "name": "Kakaodessert vahukoorega LIEGOIS 175g",
    "price": "0,48 \u20ac",
    "price/unit": "(2,74 \u20ac / kg)\r\n        "
  },
  {
    "name": "Dessert LIEGOIS vanilje 175g",
    "price": "0,48 \u20ac",
    "price/unit": "(2,74 \u20ac / kg)\r\n        "
  },
  {
    "name": "Dessert LIEGOIS maasika 175g",
    "price": "0,48 \u20ac",
    "price/unit": "(2,74 \u20ac / kg)\r\n        "
  },
  {
    "name": "Jogurt FRUTTIS maasika-kirsi, 125g",
    "price": "0,45 \u20ac",
    "price/unit": "(3,60 \u20ac / kg)\r\n        "
  },
  {
    "name": "Jogurt FRUTTIS maas.-virs.-passion, 125g",
    "price": "0,45 \u20ac",
    "price/unit": "(3,60 \u20ac / kg)\r\n        "
  },
  {
    "name": "Puddis shokolaadi puding, 125g",
    "price": "0,30 \u20ac",
    "price/unit": "(2,40 \u20ac / kg)\r\n        "
  },
  {
    "name": "Puddis vanilla puding, 125g",
    "price": "0,30 \u20ac",
    "price/unit": "(2,40 \u20ac / kg)\r\n        "
  },
  {
    "name": "Jogurt FARMI BIO leiva-p\u00e4hkli 400g",
    "price": "0,89 \u20ac",
    "price/unit": "(2,23 \u20ac / kg)\r\n        "
  },
  {
    "name": "Puddis vanilla-shokolaadi puding, 125g",
    "price": "0,30 \u20ac",
    "price/unit": "(2,40 \u20ac / kg)\r\n        "
  },
  {
    "name": "Vanillidessert PUDDIS 350g",
    "price": "1,15 \u20ac",
    "price/unit": "(3,29 \u20ac / kg)\r\n        "
  },
  {
    "name": "Vanillipuding  2,2% tops TERE 250g",
    "price": "0,99 \u20ac",
    "price/unit": "(3,96 \u20ac / kg)\r\n        "
  },
  {
    "name": "Karamellipuding  2,2% tops TERE 250g",
    "price": "0,99 \u20ac",
    "price/unit": "(3,96 \u20ac / kg)\r\n        "
  },
  {
    "name": "Jogurt ALMA ahju\u00f5una 2% 1kg PP",
    "price": "1,19 \u20ac",
    "price/unit": "(1,19 \u20ac / kg)\r\n        "
  },
  {
    "name": "Jogurt ACTIVIA maasikatega 4x120g",
    "price": "1,95 \u20ac",
    "price/unit": "(4,06 \u20ac / kg)\r\n        "
  },
  {
    "name": "Jogurt ACTIVIA  kirssidega 4x120g",
    "price": "1,95 \u20ac",
    "price/unit": "(4,06 \u20ac / kg)\r\n        "
  },
  {
    "name": "Kakaopuding TERE 2.3% 250g",
    "price": "0,99 \u20ac",
    "price/unit": "(3,96 \u20ac / kg)\r\n        "
  },
  {
    "name": "Dessert TIRAMISU 80g",
    "price": "0,85 \u20ac",
    "price/unit": "(10,63 \u20ac / kg)\r\n        "
  },
  {
    "name": "Dessert PROFITEROLES 80g",
    "price": "0,85 \u20ac",
    "price/unit": "(10,63 \u20ac / kg)\r\n        "
  },
  {
    "name": "Riisipuder AASA kirssidega 6% 200g",
    "price": "0,75 \u20ac",
    "price/unit": "(3,75 \u20ac / kg)\r\n        "
  },
  {
    "name": "Mannapuder metsmaasikatega AASA 6% 200g",
    "price": "0,75 \u20ac",
    "price/unit": "(3,75 \u20ac / kg)\r\n        "
  },
  {
    "name": "Maitsestamata jogurt GEFILUS 2.5%,380g",
    "price": "1,06 \u20ac",
    "price/unit": "(2,79 \u20ac / kg)\r\n        "
  },
  {
    "name": "Koorekreem KARUMS vanilliga 150g",
    "price": "0,80 \u20ac",
    "price/unit": "(5,33 \u20ac / kg)\r\n        "
  },
  {
    "name": "Koorekreem KARUMS \u0161okolaadiga 150g",
    "price": "0,80 \u20ac",
    "price/unit": "(5,33 \u20ac / kg)\r\n        "
  },
  {
    "name": "Koorekreem KARUMS karamelliga 150g",
    "price": "0,80 \u20ac",
    "price/unit": "(5,33 \u20ac / kg)\r\n        "
  },
  {
    "name": "Koorene jogurt FARMI mustikatega 400g",
    "price": "0,89 \u20ac",
    "price/unit": "(2,23 \u20ac / kg)\r\n        "
  },
  {
    "name": "Jogurt ACTIVIA mustika 2.6% 4x120g",
    "price": "1,95 \u20ac",
    "price/unit": "(4,06 \u20ac / kg)\r\n        "
  },
  {
    "name": "Jogurt ACTIVIA virs.-m\u00fcsli 2.6% 4x120g",
    "price": "1,95 \u20ac",
    "price/unit": "(4,06 \u20ac / kg)\r\n        "
  },
  {
    "name": "J\u00e4\u00e4t.maits.jog.MUMUU kr\u00f5b.\u0161ok.kuul 145g",
    "price": "0,69 \u20ac",
    "price/unit": "(4,76 \u20ac / kg)\r\n        "
  },
  {
    "name": "Jogurt ARMAS maasikamaits.400g",
    "price": "0,84 \u20ac",
    "price/unit": "(2,10 \u20ac / kg)\r\n        "
  },
  {
    "name": "Jogurt ARMAS virsikumaits.400g",
    "price": "0,84 \u20ac",
    "price/unit": "(2,10 \u20ac / kg)\r\n        "
  },
  {
    "name": "Jogurtimaius ALMA maasika 2.4% 200g",
    "price": "0,81 \u20ac",
    "price/unit": "(4,05 \u20ac / kg)\r\n        "
  },
  {
    "name": "Jogurtimaius ALMA kirsi 2.6% 200g",
    "price": "0,81 \u20ac",
    "price/unit": "(4,05 \u20ac / kg)\r\n        "
  },
  {
    "name": "Jogurt GEFILUS mustika 2%380g",
    "price": "1,15 \u20ac",
    "price/unit": "(3,03 \u20ac / kg)\r\n        "
  },
  {
    "name": "Joogijogurt Activia maasika-kiivi 300g",
    "price": "0,69 \u20ac",
    "price/unit": "(2,30 \u20ac / kg)\r\n        "
  },
  {
    "name": "Koorekreem KARUMS tiramisu, 150g",
    "price": "0,80 \u20ac",
    "price/unit": "(5,33 \u20ac / kg)\r\n        "
  },
  {
    "name": "Joogijog.ACTIVIA ameerika mustika 300g",
    "price": "0,69 \u20ac",
    "price/unit": "(2,30 \u20ac / kg)\r\n        "
  },
  {
    "name": "Joog.jogurt ALMA vaarika-kirsi 1.5% 1kg",
    "price": "0,91 \u20ac",
    "price/unit": "(0,91 \u20ac / kg)\r\n        "
  },
  {
    "name": "Joog.jogurt ALMA banaani-maasika 1.5%1kg",
    "price": "0,91 \u20ac",
    "price/unit": "(0,91 \u20ac / kg)\r\n        "
  },
  {
    "name": "Jogurt ARMAS maasikamaits. 1 kg, kile",
    "price": "0,85 \u20ac",
    "price/unit": "(0,85 \u20ac / kg)\r\n        "
  },
  {
    "name": "Jogurt Tere Natural maits-ta 2.5% 380g",
    "price": "1,15 \u20ac",
    "price/unit": "(3,03 \u20ac / kg)\r\n        "
  },
  {
    "name": "Jogurt ALMA maitsestamata 1kg",
    "price": "1,09 \u20ac",
    "price/unit": "(1,09 \u20ac / kg)\r\n        "
  },
  {
    "name": "Joogijog. ACTIVIA maas. metsamarja, 300g",
    "price": "0,69 \u20ac",
    "price/unit": "(2,30 \u20ac / kg)\r\n        "
  },
  {
    "name": "Jogurt ALMA ahju\u00f5una 2% 380g",
    "price": "1,13 \u20ac",
    "price/unit": "(2,97 \u20ac / kg)\r\n        "
  },
  {
    "name": "Jogurt ALMA m\u00fcsli 2% 380g",
    "price": "1,13 \u20ac",
    "price/unit": "(2,97 \u20ac / kg)\r\n        "
  },
  {
    "name": "Jogurt ALMA maasika-vanilli 2% 380g",
    "price": "1,13 \u20ac",
    "price/unit": "(2,97 \u20ac / kg)\r\n        "
  },
  {
    "name": "Jogurt ALMA \u0161okolaadiga, 150g",
    "price": "0,82 \u20ac",
    "price/unit": "(5,47 \u20ac / kg)\r\n        "
  },
  {
    "name": "\u0160okolaadipuding Mio Delizzi 200g",
    "price": "0,34 \u20ac",
    "price/unit": "(1,70 \u20ac / kg)\r\n        "
  },
  {
    "name": "Kreeka jogurt 10% Farmi 370g",
    "price": "1,29 \u20ac",
    "price/unit": "(3,49 \u20ac / kg)\r\n        "
  },
  {
    "name": "T\u00fcrgi jogurt 2,5% Farmi 370g",
    "price": "1,19 \u20ac",
    "price/unit": "(3,22 \u20ac / kg)\r\n        "
  }
]